2502 3116
1069 56 1347 99 -9-

104 184 243 229 minus
269 183 544 235 excellerent,
576 178 654 225 sed
681 179 783 224 nihil
815 181 1190 236 consequerentur.
1251 179 1483 235 Propterea
1511 181 1709 236 quartum
1741 180 1977 234 exemplum
2009 180 2127 223 addit
2158 181 2322 235 Thucy-

102 257 224 302 didis.
286 258 337 302 Et
375 258 490 312 finge
526 254 664 310 inquit
702 250 852 312 (ἀλλὰ
878 250 965 311 γὰρ
1000 251 1113 298 ἴσως
1145 253 1171 294 ὁ
1201 251 1489 309 Θουκυδίδης
1520 252 1699 307 φαῦλος
1728 246 1815 312 ἦν]
1858 254 1983 297 etium
2024 253 2320 308 Thucydidem,

102 331 238 375 virum
263 330 511 387 principem,
540 337 625 370 non
655 327 845 382 potuisse
873 327 1029 370 docere
1060 326 1172 369 filios
1200 338 1322 378 suos,
1355 327 1399 370 id
1429 326 1546 382 quod
1578 325 1828 369 incredibile
1858 326 1974 369 dictu
2004 327 2173 371 u‘detur
2199 328 2321 381 fingi-

104 415 191 459 que
220 404 290 447 vix
323 403 484 457 potest:
515 402 633 443 certe
666 400 822 443 amicos
852 398 1000 442 habuit
1028 410 1107 453 per
1135 400 1264 443 totam
1285 398 1520 452 Graeciam,
1551 398 1626 454 qui
1659 409 1757 442 eum
1785 398 1829 442 in
1859 398 2110 444 educatione
2139 400 2322 444 filiorum

106 475 294 521 adiuturi
326 474 529 526 ruissent,
568 472 606 517 si
634 472 767 517 virtus
801 471 967 517 omnino
997 471 1143 517 doceri
1172 473 1329 527 posset.

286 567 371 612 Ion.
401 564 491 610 538
533 564 582 610 D.
657 565 822 622 σκέψαι
857 560 912 621 δὴ
946 565 1035 608 σοῦ
1066 563 1286 624 ἐρομένου
1319 563 1357 607 εἶ
1394 559 1513 623 ἔροιό
1547 577 1608 620 με
1637 588 1699 595 -
1731 564 1908 621 σκέψαι.
1983 562 2180 618 Quamvis
2218 567 2322 622 quin

102 642 173 688 hic
193 642 314 688 locus
339 638 435 684 talis
463 637 602 695 qualis
632 649 746 684 nunc
776 637 1073 685 circumfertur
1089 650 1115 685 a
1132 650 1258 685 manu
1285 637 1472 684 Platonis
1495 637 1668 694 prodire
1696 637 1882 694 potuerit
1913 637 2095 684 dubitari
2125 643 2322 696 nequeat,

104 718 245 761 tamen
275 713 352 757 has
381 711 617 756 locutiones
645 711 704 756 ita
734 711 955 767 copulatas
988 712 1309 768 cumulatasque
1349 711 1508 756 habere
1546 711 1707 767 aliquid
1744 712 1835 753 miri
1876 711 2014 766 quivis
2054 715 2322 758 concesserit.

108 787 279 833 Scilicet
300 785 518 838 librarius,
557 785 631 841 qui
650 784 738 826 σοῦ
756 783 976 843 ἐρομένου
1002 796 1099 829 cum
1117 785 1360 840 imperativo
1392 786 1556 840 σκέψαι
1578 784 1778 837 coniungi
1798 795 1882 826 non
1904 796 2032 838 posse
2058 786 2322 839 existimaret,

103 860 149 904 id
169 858 286 914 quod
302 858 381 911 ipsi
400 858 558 901 rectius
575 869 623 901 se
644 858 802 901 habere
820 858 1045 902 videbatur
1061 858 1117 901 ad
1133 858 1273 901 locum
1289 858 1357 901 vel
1374 857 1666 911 explicandum
1685 857 1753 900 vel
1770 857 2075 901 emendandum
2091 859 2322 914 adscripsit.

286 951 464 995 Phaedr.
503 951 596 995 230
630 952 677 995 Β.
737 951 813 993 καὶ
855 952 919 997 αἱς
958 949 1111 1006 ἀκμὴν
1155 948 1242 1006 ἔχει
1278 952 1359 1006 τῆς
1408 944 1570 1006 abu-9123.
1645 950 1908 995 Vocabulum
1970 950 2034 997 αἱς
2081 952 2151 996 alii
2200 953 2325 998 aliter

107 1023 435 1081 explicaverunt.
499 1022 909 1069 Schleiermacherus
941 1025 1082 1070 locum
1111 1024 1172 1069 sic
1202 1024 1503 1080 interpretans:
1551 1022 1653 1067 ‘und
1674 1034 1722 1068 so
1745 1023 1857 1068 steht
1878 1035 1925 1068 es
1945 1023 1989 1068 in
2009 1024 2142 1069 voller
2160 1025 2322 1079 Bliithe‚

108 1097 209 1143 dass
242 1108 290 1142 es
319 1096 402 1141 den
430 1095 505 1141 Ort
534 1096 610 1141 mit
640 1096 1007 1151 Wohlgeruechen
1038 1094 1195 1142 erfiillt'
1237 1094 1302 1143 ὥς
1329 1096 1532 1140 habuisse
1564 1096 1779 1151 putandus
1808 1099 1886 1140 est.
1948 1096 2098 1140 Astius
2128 1102 2171 1141 et
2202 1100 2326 1143 Stall-

108 1170 306 1215 baumius
342 1169 407 1216 αῖς
439 1169 550 1214 idem
585 1180 681 1214 esse
711 1170 958 1214 confirmant
988 1172 1119 1227 atque
1153 1163 1224 1212 ὅτι
1254 1163 1421 1223 οὕτως,
1452 1168 1514 1212 ‘ut
1544 1172 1745 1224 appareat
1772 1173 1870 1224 post
1899 1169 1978 1210 καὶ
2009 1171 2327 1225 intelligendum

110 1244 294 1299 relinqui
321 1243 461 1284 τοῦτο
490 1239 725 1298 πάγκαλόν
753 1241 898 1284 ἐστιν’.
958 1244 1056 1286 Mihi
1076 1244 1246 1298 quidem
1268 1243 1496 1297 simplicior
1513 1242 1680 1294 videtur
1704 1254 1801 1286 esse
1826 1243 1934 1286 ratio
1957 1243 2085 1287 huius
2110 1245 2326 1289 enuntiati.

107 1317 193 1363 Ὦς
224 1318 334 1361 enim
366 1316 636 1366 exclamantis
673 1328 770 1360 esse
798 1328 952 1361 censeo
982 1317 1092 1360 sicut
1122 1316 1165 1359 in
1195 1316 1246 1360 iis
1274 1328 1385 1371 quae
1428 1317 1685 1370 sequuntur:
1727 1312 1781 1357 τὸ
1821 1309 2016 1358 εὔπνουν
2055 1317 2142 1359 τοῦ
2181 1314 2324 1360 τόπου

112 1390 177 1437 αἱς
214 1385 461 1446 ἀγαπητόν.
533 1389 679 1445 ltaque
721 1388 784 1433 sic
823 1389 915 1435 fere
956 1388 1070 1435 hunc
1104 1388 1243 1434 locum
1279 1387 1533 1434 reddiderim
1573 1388 1800 1433 vernaculo
1852 1400 2063 1434 sermone:
2108 1389 2218 1434 denn
2258 1390 2327 1435 die

108 1464 284 1511 Platane
316 1462 372 1507 ist
401 1462 513 1507 breit
540 1461 629 1506 und
661 1462 771 1506 hoch
798 1462 886 1506 und
917 1460 994 1508 der
1019 1462 1221 1507 Schatten
1253 1462 1331 1507 des
1363 1461 1674 1506 Gestraeuches
1704 1473 1782 1516 gar
1813 1463 1988 1517 schoen;
2031 1463 2118 1506 und
2157 1464 2238 1507 wie
2278 1476 2326 1508 es

109 1536 268 1594 gerade
298 1536 342 1581 in
370 1535 523 1580 Bliithe
556 1536 687 1580 steht!

292 1618 471 1663 Phaedr.
512 1618 601 1662 235
641 1618 694 1663 A.
754 1618 894 1659 τοῦτο
942 1616 993 1659 δὲ
1035 1615 1145 1659 οὐδὲ
1185 1614 1326 1659 αὐτὸν
1371 1612 1508 1675 ᾤ’μην
1547 1617 1723 1659 Λυσίαν
1773 1615 1954 1659 οἴεσθαι
2002 1617 2159 1660 ἱκανὸν
2197 1617 2322 1662 εἶναι.

108 1693 363 1747 Interpretes
406 1704 492 1747 quo
537 1693 675 1733 τοῦτο
723 1692 931 1746 pertineat
976 1691 1204 1745 ambigunt.
1282 1691 1369 1744 Ego
1423 1691 1593 1745 quidem
1638 1691 1720 1735 hoc
1769 1702 2000 1745 pronomen
2038 1694 2326 1741 accusativum

108 1776 309 1820 graecum
340 1776 438 1809 esse
464 1767 568 1819 puto
599 1767 642 1809 et
673 1775 770 1809 eum
800 1764 854 1808 ab
884 1761 1042 1807 ἱκανόν
1074 1763 1342 1819 pendentem:
1374 1763 1436 1806 sic
1466 1763 1521 1807 de
1537 1763 1640 1817 Rep.
1666 1764 1707 1816 7,
1740 1764 1830 1806 540
1861 1763 1905 1806 C.
1934 1755 2040 1804 ὅσαι
2080 1759 2136 1805 ἂν
2166 1764 2323 1807 αὐταῖν

109 1837 262 1879 ἱκαναὶ
290 1835 373 1881 τὰς
405 1835 562 1890 φύσεις
599 1836 903 1892 ἐγγίγνωνται.
966 1837 1127 1881 Etenim
1163 1847 1295 1890 quum
1330 1835 1548 1878 Phaedrus
1579 1837 1797 1879 Socratem
1839 1836 1963 1878 etiam
1992 1836 2046 1880 de
2079 1843 2324 1891 argumento

110 1910 311 1964 orationis
350 1910 552 1953 iudicium
590 1913 734 1954 facere
772 1911 986 1963 iussisset,
1033 1910 1070 1952 is
1102 1921 1149 1952 se
1178 1908 1233 1951 ad
1258 1908 1389 1951 solam
1433 1910 1565 1951 artem
1605 1908 1828 1952 oratoriam
1866 1908 2050 1952 animum
2095 1911 2326 1956 attendisse

110 1982 296 2027 simulat:
332 1983 376 2026 in
408 1983 511 2038 ipsis
545 1983 653 2027 enim
683 1983 819 2039 inquit
848 1983 979 2028 rebus
1011 1978 1236 2041 (τοῦτο),
1278 1981 1332 2025 de
1373 1980 1530 2036 quibus
1572 1984 1714 2024 orator
1752 1981 1958 2036 loquitur,
1996 1981 2135 2037 ipsum
2161 1984 2326 2039 Lysiam

108 2067 195 2099 non
222 2055 330 2099 adeo
359 2056 440 2100 sibi
473 2056 641 2111 placere
672 2056 967 2100 existimabam.
1029 2055 1176 2111 Itaque
1195 2055 1334 2097 τοῦτο
1363 2053 1419 2097 ad
1450 2054 1743 2098 antecedentia
1774 2055 2046 2099 referendum
2067 2058 2132 2100 est
2151 2059 2326 2114 totoque

110 2128 326 2173 enuntiato
358 2130 599 2174 declaratur
636 2130 843 2174 sententia
873 2130 1060 2173 Socratis
1073 2163 1083 2181 ,
1119 2129 1162 2172 in
1192 2140 1277 2184 qua
1306 2139 1354 2171 se
1383 2128 1519 2171 fuisse
1550 2127 1783 2180 contendIt,
1822 2130 2048 2183 antequam
2075 2141 2102 2173 a
2134 2130 2326 2176 Phaedro

110 2204 370 2255 moneretur,
402 2204 527 2246 etiam
558 2215 650 2255 res,
682 2215 793 2258 quae
821 2202 1011 2245 oratione
1041 2202 1191 2255 Lysiae
1223 2203 1556 2253 continerentur,
1586 2190 1715 2244 laude
1742 2200 1891 2254 dignas
1918 2213 2028 2246 esse.

293 2293 472 2337 Phaedr.
503 2294 592 2337 235
625 2294 672 2338 D.
733 2295 830 2335 ταῖν
861 2292 909 2335 ἐν
938 2295 1013 2350 τῷ
1036 2292 1202 2351 βιβλίῳ
1234 2292 1398 2346 βελτίω
1430 2308 1479 2335 τε
1507 2293 1584 2336 καὶ
1613 2290 1680 2348 μή
1711 2291 1886 2336 ἐλάττω
1921 2293 2052 2351 ἑτέρᾳ
2086 2294 2322 2349 ὑποσχέσει

110 2365 258 2409 εἰπεῖν.
320 2366 438 2410 Hanc
473 2367 694 2411 lectionem
730 2369 779 2410 ut
819 2379 902 2411 non
948 2366 1167 2411 ferendam
1210 2378 1307 2411 esse
1345 2379 1490 2411 omnes
1539 2367 1792 2421 interpretes
1837 2368 2124 2421 consentiunt,
2172 2368 2233 2412 sic
2279 2369 2323 2412 in

112 2437 372 2482 emendando
392 2439 486 2481 loco
513 2440 585 2482 alii
605 2440 726 2482 aliam
746 2441 854 2482 viam
879 2439 1057 2493 ingressi
1088 2442 1196 2482 sunt.
1258 2440 1432 2482 Wexius
1463 2436 1594 2497 ἕτερα
1624 2437 1820 2492 ὑπόσχες
1847 2441 2025 2483 coniecit
2055 2441 2322 2483 scribendum

113 2522 211 2555 esse
241 2522 419 2565 eamque
452 2513 783 2555 emendationem
812 2513 1074 2555 Hermannus
1105 2513 1147 2554 in
1177 2515 1335 2555 textum
1366 2513 1537 2566 recepit.
1598 2513 1685 2565 Ego
1719 2514 1841 2555 etiam
1881 2513 2108 2555 faciliorem
2139 2516 2182 2556 et
2211 2526 2322 2567 quae

111 2583 287 2638 propius
318 2595 345 2626 a
376 2583 577 2627 librorum
616 2585 796 2628 lectione
837 2586 1008 2628 abesset
1036 2585 1182 2628 videor
1212 2585 1310 2627 mihi
1340 2586 1569 2628 invenisse:
1633 2580 1764 2641 ἕτερα
1808 2584 2066 2638 ὑπέσχησαι.
2130 2585 2323 2629 Promisit

111 2656 221 2700 enim
243 2655 440 2699 Socrates
472 2668 602 2710 supra
628 2665 722 2711 pag.
743 2657 832 2701 235
868 2658 925 2711 C.,
958 2658 1051 2702 ubi:
1084 2657 1236 2701 Videor
1263 2658 1361 2701 mihi
1378 2658 1513 2713 inquit
1531 2669 1600 2701 res
1618 2668 1756 2712 aeque
1788 2658 1918 2700 bonas
1951 2658 2143 2710 proferre
2173 2670 2319 2712 posse:

112 2725 403 2784 αἰσθάνομαι
436 2723 492 2770 ἄν
520 2726 635 2784 ἔχειν
672 2730 807 2773 εἰπεῖν
836 2726 967 2789 ἕτερα
999 2728 1066 2787 μὴ
1095 2731 1248 2790 χείρω.
1310 2731 1443 2775 Etiam
1471 2743 1539 2783 ea,
1574 2742 1685 2786 quae
1717 2732 1970 2786 sequuntur,
2009 2730 2091 2770 καί
2128 2742 2200 2772 σοι
2229 2730 2319 2787 ἐγώ

113 2801 422 2857 ὑπισχνοῦμαι
452 2803 603 2846 melius
635 2816 731 2849 cum
777 2804 1030 2859 ὐπέσχησαι
1059 2816 1186 2859 quam
1216 2816 1312 2847 cum
1358 2802 1552 2857 ὑπόσχες
1592 2804 1847 2847 concordare
1885 2803 2077 2846 arbitror.
2149 2805 2328 2850 Formae*

1589 2875 1617 2917 2
