2502 3116
1089 122 1397 166 ...η-

125 252 281 307 quodsi
321 250 438 294 illum
478 250 610 302 magis
648 249 702 291 ab
746 247 998 292 adversariis
1037 245 1203 290 laudari
1245 245 1496 298 addiderim,
1544 257 1672 302 quam
1714 255 1858 288 omnes
1898 244 2006 289 alios
2050 243 2116 302 (id
2148 246 2258 291 enim
2289 250 2356 292 est

125 326 224 367 τοῖν
258 319 410 366 ἄλλων
450 331 592 377 neque
633 321 688 364 de
727 319 1049 364 Atheniensium
1090 320 1378 364 tantummodo
1422 319 1697 372 adversariiS,
1749 318 1823 375 qui
1869 321 1990 362 erant
2029 318 2072 361 in
2112 319 2186 363 illo
2228 320 2355 376 bello,

126 394 418 450 cogitandum)
460 394 515 435 ab
553 394 719 444 amicis,
754 405 808 436 ea
846 396 1040 446 profecto
1080 395 1197 435 tanta
1237 394 1332 436 laus
1372 396 1459 443 est,
1501 392 1602 434 nihil
1629 394 1679 434 ut
1709 402 1841 444 supra
1872 392 1964 434 fieri
1992 402 2120 444 posse
2149 393 2357 440 videatur.

124 470 228 513 Nam
258 468 331 522 qui
359 468 415 510 ab
446 466 660 518 hostibus,
692 466 768 520 qui
793 465 1047 509 adversarfis
1073 466 1263 510 invidere
1281 476 1512 519 eorumque
1537 465 1716 507 virtutes
1748 464 1985 508 detrectare
2007 464 2192 518 soleant,
2223 467 2357 520 magis

124 541 325 586 laudatur
362 551 491 595 quam
532 538 602 582 alii
645 537 700 582 ab
741 538 905 590 amiciS,
948 538 1023 593 qui
1066 538 1191 582 etiam
1233 548 1392 591 augere
1428 536 1597 581 laudem
1637 535 1759 581 amici
1799 539 1959 589 ament,
1998 537 2091 581 eius
2134 537 2225 582 sine
2266 538 2356 583 11110

125 614 256 658 dubio
288 623 450 656 summa
477 611 572 655 laus
603 613 681 655 est.
753 611 901 666 ltaque
940 610 1011 655 bic
1044 612 1137 654 fere
1174 609 1286 654 idem
1313 608 1540 662 indicatur,
1582 607 1699 664 quod
1740 608 1870 662 paulo
1911 609 2024 654 infra
2061 621 2155 665 pag.
2188 610 2279 654 243
2309 611 2355 656 C.

125 686 344 731 vocabulis
384 683 771 739 ὁμολογουμένως
808 679 985 742 ἄριστοι
1026 687 1168 728 orator
1206 682 1438 737 expressit:
1478 682 1602 738 'quos
1634 693 1778 725 omnes
1805 681 1983 736 optimos
2016 683 2355 739 fortissimosque

125 759 318 805 evasisse
347 753 642 802 consentiunt.³

308 832 404 886 LyS.
445 831 537 874 204
576 830 623 874 B.
663 826 811 871 αὐτοῦ
848 831 1040 888 πρῶτον
1087 826 1236 886 ἡδέως
1283 823 1532 882 ἀκούσαιμι
1574 820 1643 869 ἄν.
1728 827 2004 873 Stallbaumio
2053 841 2155 874 cave
2205 831 2355 875 credas

126 904 381 948 vocabulum
411 901 558 945 αὐτοῦ
588 902 787 945 311111111113
820 914 949 957 quam
991 903 1134 946 verius
1168 901 1409 955 explicanti,
1447 900 1570 942 cuius
1603 899 1799 943 vocabuli
1829 901 1910 944 vim
1946 902 2357 947 Schleiermacherus

125 979 208 1023 iam
232 978 350 1022 recte
380 977 644 1031 perceperat.
718 975 882 1020 Etenim
923 972 1071 1018 αὐτοῦ
1113 975 1195 1018 hoc
1235 974 1327 1018 loco
1372 973 1462 1018 sine
1494 972 1623 1017 dubio
1655 971 1901 1018 adverbium
1929 975 1996 1018 est
2027 974 2214 1030 nihilque
2240 976 2356 1021 aliud

124 1062 254 1106 quam
282 1050 368 1092 hic
397 1050 618 1102 significat.
682 1049 959 1103 Hippotbales
991 1060 1124 1103 quum
1157 1059 1210 1091 ex
1237 1047 1411 1090 Socrate
1442 1045 1743 1100 quaesivisset,
1774 1058 1874 1089 num
1904 1046 2062 1091 intrare
2094 1048 2251 1101 vellet,
2271 1050 2359 1093 hic:

126 1123 377 1180 priusquam
413 1133 490 1166 vos
533 1133 710 1178 sequar,
753 1122 908 1178 inquit,
949 1121 1098 1166 audire
1137 1120 1262 1165 velim
1302 1119 1370 1164 hic
1402 1117 1503 1172 loci,
1542 1118 1640 1174 quis
1681 1118 1736 1163 sit
1766 1119 2087 1174 pulcherrimus.
2148 1120 2358 1176 Longiore

124 1197 224 1241 inde
255 1195 467 1251 colloquio
499 1197 591 1238 orto
620 1195 734 1239 infra
763 1195 933 1239 demum
962 1193 1082 1250 (pag.
1104 1193 1194 1237 206
1227 1193 1275 1236 D.
1307 1192 1383 1234 καὶ
1416 1185 1518 1246 ἅμα
1547 1188 1710 1245 λαβών
1739 1189 1821 1234 τόν
1853 1190 2117 1249 Κτήσιππον
2146 1193 2359 1256 προςῄειν

126 1271 188 1316 εἰς
229 1267 313 1325 τὴν
351 1267 661 1326 παλαίστραν)
698 1270 740 1311 111
779 1269 1034 1323 palaestram
1069 1268 1250 1310 intrasse
1286 1268 1529 1318 narrantur,
1568 1268 1617 1309 ut
1654 1268 1790 1309 10111111
1828 1267 1910 1309 1100
1948 1267 2203 1322 colloquium
2240 1273 2359 1314 extra

126 1344 382 1400 palaestram
417 1341 568 1386 eodem
591 1341 707 1395 loco,
750 1352 837 1397 quo
871 1340 1180 1393 constitissent,
1220 1340 1381 1382 factum
1424 1349 1521 1382 esse
1560 1342 1773 1394 appareat.
1837 1339 1991 1383 Similis
2032 1343 2099 1383 est
2138 1341 2246 1385 ratio
2277 1343 2358 1387 loci

127 1417 182 1460 de
216 1416 325 1471 Rep.
363 1415 409 1468 1,
443 1414 554 1458 327:
588 1409 617 1470 ἢ
646 1413 801 1456 τοίνυν
830 1411 1015 1455 τούτων
1044 1410 1128 1468 ἔφη
1162 1412 1394 1471 κρείττους
1425 1408 1612 1466 γένεσθε
1643 1406 1670 1467 ἥ
1706 1409 1853 1466 μένετ’
1885 1409 2098 1455 αὐτοῦ.

309 1489 432 1542 Hipp.
449 1489 542 1531 Mai.
569 1488 672 1531 283.
691 1487 743 1532 A.
784 1489 884 1529 ταῖν
912 1484 999 1542 γὰρ
1030 1487 1274 1544 προτέρων
1305 1484 1408 1541 περὶ
1434 1482 1748 1541 Ἀναξαγόρου
1781 1485 1954 1540 λέγεται
1993 1483 2135 1542 πολλὴ
2168 1485 2359 1542 ἀμαθία

126 1558 247 1605 κατὰ
292 1558 375 1603 τὸν
415 1556 498 1602 σόν
539 1557 690 1615 λόγον.
773 1561 1043 1605 Heindorfius
1075 1559 1235 1614 primus
1280 1554 1595 1614 Ἀναξαγόρου
1636 1558 1792 1611 01111311,
1848 1570 1945 1603 mox
1995 1559 2219 1605 Bekkerus
2255 1562 2357 1619 περὶ

125 1630 442 1694 Ἀναξαγόρου
458 1664 474 1690 ,
526 1635 740 1689 postremo
780 1632 1083 1678 Stallbaumius
1127 1629 1229 1690 περὶ
1263 1626 1579 1689 Ἀναξαγόρου
1603 1629 1776 1687 λέγεται
1805 1631 2086 1678 secluserunt.
2148 1633 2199 1678 Ut
2231 1634 2356 1681 etIam

124 1710 298 1765 λέγεται
316 1709 528 1752 omitteret
546 1708 628 1750 hac
647 1718 694 1750 re
723 1718 770 1750 se
794 1707 1025 1750 adductum
1043 1717 1142 1750 esse
1165 1705 1224 1748 ait
1233 1704 1558 1756 StallbaumiuS,
1591 1704 1708 1759 quod
1727 1717 1858 1760 quum
1877 1703 1997 1747 κατὰ
2015 1704 2096 1747 τὸν
2113 1704 2195 1749 σόν
2211 1705 2351 1763 λόγον

126 1786 383 1837 sequeretur
418 1781 531 1823 idem
568 1792 653 1823 non
693 1780 759 1823 bis
797 1780 1021 1823 dicendum
1057 1779 1328 1822 existimaret.
1410 1776 1470 1819 At
1511 1774 1629 1817 κατὰ
1663 1775 1744 1818 τόν
1781 1775 1862 1819 σὸν
1903 1777 2042 1833 λόγον
2083 1781 2208 1834 longe
2239 1782 2356 1824 aliud

126 1855 356 1909 significat:
397 1853 525 1898 latine
566 1852 723 1896 dixeris
759 1852 815 1897 ‘te
857 1848 1024 1897 iudice’.
1096 1851 1245 1905 Magna
1276 1852 1342 1895 est
1381 1849 1518 1905 inquit
1553 1848 1833 1904 Anaxagorae
1882 1864 1994 1907 quae
2037 1856 2235 1898 narratur
2284 1853 2358 1898 de-

125 1928 300 1982 mentia,
342 1926 379 1972 si
420 1928 464 1972 te
496 1924 704 1970 audimus,
775 1923 921 1983 ltaque
959 1924 1041 1970 1100
1077 1926 1193 1969 00110
1228 1922 1484 1968 vocabulum
1524 1922 1613 1968 sine
1653 1922 1782 1969 dubio
1825 1923 2091 1970 retinendum
2131 1927 2208 1971 est.
2272 1925 2359 1971 Sed

125 2012 181 2044 ne
220 2001 302 2044 hoc
341 1999 513 2055 quidem
556 2009 665 2052 opus
708 2008 806 2041 esse
850 1999 1038 2050 videtur,
1076 2000 1125 2039 ut
1171 1997 1302 2039 verba
1345 1995 1447 2052 περὶ
1484 1993 1797 2054 ’Δναξαγόρου
1839 1997 2075 2051 deleamus,
2128 2009 2239 2054 quae
2279 2010 2357 2053 pro

124 2074 385 2128 glossemate
412 2071 579 2114 habere
610 2071 875 2113 Hermannus
906 2072 1000 2114 iure
1028 2069 1248 2112 dubitavit.
1303 2069 1494 2111 Forsitan
1533 2069 1800 2112 scribendum
1830 2071 1902 2113 sit:
1941 2072 2042 2111 ταῖν
2071 2069 2158 2127 γὰρ
2190 2073 2357 2127 προτέ-

128 2161 230 2204 ρων
259 2146 359 2186 ταῖν
393 2143 496 2201 περὶ
525 2140 858 2201 Ἀναξαγόραν.
930 2144 1062 2186 Cuius
1106 2141 1332 2186 locutionis
1365 2154 1471 2184 usus
1501 2154 1627 2197 quam
1666 2141 1751 2186 late
1782 2145 1925 2196 pateat
1952 2143 1996 2186 in
2028 2144 2183 2198 vulgus
2214 2147 2360 2187 notum

125 2221 206 2263 est.
267 2219 318 2261 Et
335 2218 416 2261 hoc
443 2217 614 2273 quidem
644 2217 737 2261 loco
757 2218 839 2261 hoc
869 2228 952 2260 non
986 2219 1035 2259 ut
1069 2227 1197 2270 saepe
1217 2216 1265 2258 sst
1293 2214 1347 2258 de
1368 2215 1459 2258 solo
1483 2214 1761 2269 Anaxagora,
1796 2216 1873 2259 sed
1905 2217 2031 2260 etiam
2061 2217 2115 2261 de
2140 2217 2358 2272 discipulis

128 2292 472 2348 aequalibusque
514 2291 607 2335 eius
640 2291 798 2335 dictum
836 2289 1072 2345 putandum
1109 2290 1201 2333 erit.
1264 2288 1367 2332 Nam
1407 2288 1450 2331 in
1492 2287 1562 2341 iis,
1611 2301 1721 2344 quae
1755 2293 1994 2345 sequuntur
2024 2291 2159 2345 ipsius
2192 2291 2360 2335 Anaxa-

127 2378 260 2420 gorae
290 2365 482 2420 exemplo
512 2364 640 2409 allato
672 2363 862 2408 additur:
902 2362 1084 2419 λέγουσι
1117 2360 1168 2404 δὲ
1198 2360 1276 2404 καὶ
1303 2359 1404 2418 περὶ
1438 2354 1590 2403 ἄλλων
1619 2361 1717 2404 ταῖν
1746 2361 1956 2406 παλαιῶν
1987 2359 2119 2421 ἕτερα
2149 2364 2358 2419 τοιαῦτα,

128 2450 242 2495 quae
271 2438 403 2483 verba
434 2438 661 2495 quominus
691 2437 745 2483 de
778 2436 996 2482 sodalibus
1029 2435 1338 2492 discipulisque
1370 2434 1650 2491 Anaxagorae
1681 2435 1764 2481 dici
1796 2440 1994 2493 putemus
2012 2437 2114 2483 nihil
2146 2440 2213 2484 est
2244 2437 2360 2495 quod

130 2512 343 2566 impediat.

315 2584 437 2638 Hipp.
453 2583 546 2626 Mai.
566 2582 657 2625 294
674 2581 726 2625 A.
759 2579 910 2636 ἔμοιγε
944 2579 1080 2623 δοκεῖ.
1145 2580 1421 2624 Stallbaumio
1440 2592 1571 2634 quum
1602 2580 1723 2624 locus
1754 2581 2044 2635 perobscurus
2071 2585 2114 2626 et
2134 2583 2360 2638 impedItus

130 2668 230 2703 esse
262 2656 480 2702 videretur
512 2655 569 2701 ad
600 2653 884 2701 coniecturam
914 2656 1148 2708 confugere
1178 2653 1357 2709 placuit:
1420 2655 1463 2698 at
1500 2652 1598 2698 mihi
1626 2654 1796 2711 quidem
1838 2654 1986 2711 utique
2021 2667 2151 2701 sanus
2180 2654 2359 2702 videtur.

130 2730 294 2774 Etenim
333 2730 506 2785 Hippias
548 2740 681 2785 quum
716 2728 819 2784 quid
855 2728 1110 2783 respondeat
1160 2738 1245 2770 non
1295 2726 1472 2779 habeat,
1522 2726 1575 2770 (10
1614 2728 1821 2771 industria
1870 2728 2098 2784 deditaque
2137 2739 2266 2784 opera
2301 2730 2360 2774 ita

135 2804 398 2857 respondere
429 2803 732 2845 existimandus
762 2805 847 2853 est,
891 2805 938 2843 ut
978 2801 1082 2855 quid
1123 2813 1174 2843 ex
1203 2800 1340 2842 tribus
1372 2801 1472 2851 illis,
1512 2812 1623 2854 quae
1652 2802 1781 2844 Solon
1812 2805 2111 2855 proposuerat,
2153 2803 2282 2855 dicat,
2319 2806 2363 2847 in

133 2876 272 2921 medio
300 2876 523 2932 relinquat.
589 2874 713 2928 Quod
740 2874 816 2919 ubi
846 2874 1043 2919 Socrates
1074 2872 1384 2925 animadvertit,
1418 2872 1557 2919 denuo
1576 2873 1916 2929 interrogaturus
1949 2876 2058 2920 erat:
2101 2877 2279 2922 utrum
2309 2876 2361 2921 id
