2502 3116
1069 127 1377 172 ...10-

112 255 258 296 autem
289 251 539 307 ὑπέσχησαι
566 250 692 306 plane
724 251 873 296 eadem
899 251 967 295 vis
997 254 1063 296 est
1093 251 1136 295 in
1165 250 1261 295 loco
1288 250 1493 295 simillimo
1520 248 1710 307 Xenoph.
1739 250 1838 297 Oec.
1895 250 1942 304 -,9
1972 250 2010 295 1.
2038 250 2123 293 νῦν
2150 263 2223 294 τοι
2251 247 2337 306 ἔφη

115 322 207 380 ἐγώ
240 335 290 366 σε
322 320 469 365 οὐκέτι
502 319 682 379 ἀφήσω,
715 324 822 381 πρὶν
854 318 911 366 ἄν
937 338 1021 380 μοι
1053 320 1083 366 ἃ
1112 323 1361 381 ὕπέσχησαι
1387 346 1451 355 -·
1482 319 1736 385 ἀποδείξῃς.

295 395 474 440 Phaedr.
507 395 598 440 244
624 397 674 442 D.
737 394 784 440 ἔν
820 409 910 440 τισι
950 398 1049 440 ταῖν
1091 398 1249 454 γενῶν.
1311 396 1552 441 Lobeckius
1588 397 1632 441 in
1670 397 1879 453 Aglaoph.
1920 398 2018 441 tom.
2056 395 2077 440 1
2109 362 2339 451 1185636

111 469 219 514 baec
260 468 391 513 verba
431 469 492 513 ita
528 470 729 525 explicat,
778 474 829 515 ut
869 474 1113 527 comparato
1150 471 1245 515 loco
1293 470 1530 514 Pausaniae
1568 470 1609 524 9,
1647 471 1674 514 5
1716 470 1771 515 de
1806 469 2060 526 quibusdam
2097 467 2338 513 hominibus

111 540 302 587 eiusdem
321 540 492 595 generis
509 553 747 588 sermonem
768 554 866 588 esse
885 544 1124 597 confirmet,
1156 543 1257 599 quia
1284 542 1360 587 vis
1390 542 1520 587 tacita
1549 543 1686 588 avitae
1712 553 1850 588 noxae
1878 554 1964 588 non
1984 552 2127 588 omnes
2149 539 2339 586 eiusd-

109 613 279 669 generis
308 613 497 659 homines
530 615 768 673 aequaliter
801 618 994 670 affectet,
1028 616 1109 661 sed
1137 614 1261 660 modo
1291 615 1537 659 intermittat
1565 613 1690 659 modo
1719 612 2018 661 recrudescat?
2082 613 2168 659 Sed
2204 613 2338 658 multo

108 686 278 731 facilius
320 686 427 731 haec
456 687 589 732 verba
632 687 687 733 ‘in
727 688 983 745 quibusdam
1023 685 1234 744 gentibus·
1281 688 1539 741 reddiderim
1577 699 1711 745 quum
1753 689 1978 733 nonnullas
2016 691 2198 740 tantum,
2254 697 2338 730 non

110 771 254 803 omnes
295 762 448 813 gentes
477 761 589 804 avita
620 773 731 804 noxa
759 763 966 815 exagitari
997 764 1174 806 constet.

291 832 471 877 Phaedr.
493 832 582 877 245
605 834 651 878 Β.
696 831 1033 889 δεδιττόμενος.
1096 834 1398 878 Stallbaumius
1415 833 1648 878 Heindorfli
1678 833 1915 888 opinionem
1945 833 2120 876 secutus
2148 830 2337 876 'verbum

107 902 281 960 aliquod
312 904 565 950 ostendendi
590 908 633 950 et
655 905 864 962 probandi
893 907 1106 962 potestate
1135 902 1331 961 positum'
1352 904 1591 959 desiderat,
1625 905 1742 962 quod
1771 903 2028 959 respondeat
2059 902 2336 959 sequentibus

108 973 225 1019 ἄλλα
257 974 367 1019 τόδε
394 1002 447 1008 -
481 976 652 1029 δείξαςε
694 978 879 1023 adiicere
911 981 1104 1034 poterat,
1152 989 1199 1022 se
1231 979 1405 1022 verbum
1434 978 1702 1032 desiderare,
1742 989 1796 1022 ex
1825 988 1911 1034 quo
1937 975 2046 1020 illud
2076 976 2336 1020 enuntiatum

108 1049 173 1096 αἱς
203 1048 292 1109 πρὸ
323 1075 376 1081 —-
406 1050 474 1092 δεῖ
500 1050 826 1109 προαιρεῖσθαι
857 1052 1079 1107 penderet.
1141 1051 1287 1107 Itaque
1317 1048 1681 1106 ἐπιδεικνύμενος
1720 1050 1991 1095 scribendum
2021 1060 2116 1093 esse
2147 1049 2335 1102 suspica-

105 1124 246 1168 batur.
310 1124 398 1169 Sed
428 1135 514 1168 non
546 1137 654 1180 opus
688 1128 753 1169 est
783 1125 1067 1180 correctione3
1096 1136 1277 1180 namque
1297 1122 1589 1167 δεδίττεσθαι
1608 1136 1705 1170 esse
1727 1136 1856 1180 posse
1877 1121 2088 1168 ‘terrendo
2106 1118 2334 1166 inculcare’

107 1198 178 1240 vix
210 1198 290 1241 erit
317 1199 391 1252 qui
423 1198 654 1251 negaverit.

293 1269 472 1315 Phaedr.
500 1268 605 1326 &260
648 1269 693 1315 C.
755 1265 822 1326 μὴ
874 1267 976 1326 περὶ
1022 1263 1131 1313 ὄνου
1191 1270 1316 1317 σκιᾶς
1366 1269 1431 1318 αἱς
1481 1266 1638 1314 ἵππου.
1721 1267 1922 1314 Fabulam
1972 1268 2086 1314 illam
2135 1266 2190 1313 de
2228 1266 2334 1311 asini

107 1343 277 1395 umbra,
310 1355 438 1398 quam
471 1343 781 1387 Demosthenes
813 1343 1026 1386 iudicibus
1054 1342 1171 1386 aliud
1199 1344 1424 1397 agentibus
1455 1344 1693 1388 narravisse
1720 1342 1902 1386 traditur
1929 1343 1973 1386 in
2001 1353 2173 1397 quaque
2201 1352 2329 1395 expo-

104 1416 245 1458 nenda
276 1416 331 1458 ad
363 1416 478 1458 hunc
510 1416 652 1459 locum
687 1415 914 1458 scholiasta
943 1415 1103 1458 multus
1129 1418 1216 1468 est,
1248 1428 1369 1460 nemo
1399 1419 1465 1461 est
1493 1417 1568 1472 qui
1591 1417 1768 1470 ignoret.
1828 1416 1978 1470 Neque
1999 1414 2083 1458 hoc
2104 1426 2131 1457 a
2155 1414 2335 1458 veritate

103 1489 324 1541 abhorret,
354 1488 472 1543 quod
503 1482 612 1529 ὄνου
649 1484 778 1529 σκιὰν
806 1499 897 1531 rem
924 1487 1042 1530 nihili
1071 1488 1308 1540 significare
1341 1501 1468 1543 posse
1490 1489 1748 1533 confirmant.
1809 1487 1956 1543 Itaque
1974 1487 2170 1531 Socrates
2191 1486 2332 1532 deleto

107 1562 172 1608 ὠς
208 1558 350 1604 ἵππου
394 1560 539 1606 dicere
572 1562 740 1616 poterat
778 1556 845 1616 μή
888 1559 991 1617 περὶ
1029 1554 1137 1602 ὄνου
1184 1562 1310 1607 σκιᾶς
1352 1558 1533 1604 ἔπαινον
1568 1558 1869 1617 ποιούμενος,
1911 1556 2026 1603 ἀλλά
2066 1572 2183 1617 seqq.
2199 1595 2209 1615 ,
2247 1571 2333 1617 quo

107 1635 226 1680 facto
261 1633 471 1690 oppositio
511 1635 605 1679 orta
636 1635 752 1678 esset
781 1632 892 1678 inter
931 1643 1022 1679 rem
1062 1632 1223 1678 nullius
1252 1634 1378 1689 pretii
1423 1634 1620 1691 interque
1652 1634 1949 1690 gravissimam.
2037 1633 2333 1679 Retinentibus

106 1711 250 1753 autem
281 1707 404 1751 nobis
439 1706 503 1752 αἱς
532 1704 673 1748 ἵππου
687 1739 697 1759 ,
741 1705 858 1762 quod
896 1707 1040 1749 facere
1073 1717 1158 1758 non
1203 1718 1431 1760 possumus
1476 1708 1579 1763 quin
1622 1708 1898 1760 retineamus,
1941 1707 2048 1750 illud
2082 1708 2209 1752 σκιᾶς
2240 1708 2332 1751 sine

103 1782 367 1825 dubitatione
399 1780 627 1825 delendum
653 1780 744 1823 erit.
809 1778 921 1831 Quid
953 1780 1091 1823 enim?
1155 1780 1350 1824 Socrates
1383 1793 1516 1835 quum
1543 1781 1588 1824 in
1620 1781 1768 1825 eadem
1798 1781 2051 1834 cogitatione
2092 1793 2179 1835 qua
2208 1783 2333 1826 antea

103 1856 272 1899 maneat
300 1856 343 1898 et
374 1852 428 1898 de
458 1853 643 1906 homine,
686 1864 814 1908 quem
857 1864 1014 1908 equum
1045 1854 1088 1897 et
1116 1852 1281 1896 asinum
1319 1853 1648 1898 confundentem
1683 1853 1879 1908 finxerat,
1923 1853 2146 1909 loquatur,
2186 1853 2331 1898 nullus

103 1927 271 1972 omnino
301 1925 423 1970 locus
455 1929 522 1971 est
550 1925 766 1969 umbrae
797 1924 914 1968 asini.
976 1924 1123 1980 ltaque
1148 1925 1389 1969 Heindorsso
1420 1927 1547 1971 σκιᾶς
1578 1925 1736 1970 delenti
1761 1926 1911 1982 utique
1943 1926 2166 1970 assentior.

288 1999 465 2043 Phaedr.
499 2000 588 2041 269
620 1999 673 2041 A.
735 1999 784 2039 τί
811 1996 859 2038 δὲ
890 1995 972 2038 τόν
1005 1998 1255 2053 μελίγηρυν
1289 1994 1568 2053 Ἄδραστον.
1630 1998 1753 2043 Astio
1787 2002 1831 2043 et
1864 2000 2141 2042 Stallbaumio
2173 2000 2210 2042 si
2239 2011 2329 2043 cre·

103 2072 282 2124 dideriS‚
321 2084 406 2116 non
433 2072 488 2116 de
520 2072 613 2126 ipso
646 2071 853 2123 Adrasto,
892 2070 969 2114 sed
998 2071 1051 2114 de
1083 2070 1342 2125 Antiphonte
1377 2071 1659 2127 Rhamnusio‚
1704 2073 1827 2117 cuius
1869 2073 2067 2116 Socrates
2097 2073 2140 2116 in
2169 2072 2330 2117 Menex.

101 2156 198 2200 pag.
221 2143 312 2188 236
339 2143 591 2189 mentionem
621 2143 743 2197 fecit,
778 2154 1012 2188 sermonem
1042 2154 1139 2188 esse
1170 2142 1247 2187 tibi
1277 2143 1570 2198 persuadebis,
1633 2144 1719 2190 Sed
1748 2145 1848 2189 mihi
1878 2144 1985 2189 illud
2006 2144 2139 2189 multo
2161 2145 2329 2190 facilius

101 2218 282 2262 videtur.
347 2217 464 2261 lllius
498 2217 608 2261 enim
640 2216 724 2261 loci
752 2228 849 2272 pag.
879 2215 966 2260 261
1002 2216 1065 2269 C.,
1100 2228 1228 2272 quem
1258 2217 1670 2261 Schleiermacherus
1707 2220 1892 2270 confert,
1931 2218 2059 2272 longe
2097 2217 2180 2262 alia
2220 2218 2328 2262 ratio

102 2294 190 2344 est,
239 2302 371 2346 quum
409 2290 497 2334 illic
534 2294 725 2334 veterum
770 2289 948 2333 heroum
996 2290 1237 2333 nominibus
1277 2289 1383 2333 alios
1420 2289 1631 2344 designari
1670 2294 1817 2346 aperte
1848 2290 2071 2334 indicetur.
2144 2291 2231 2335 Sed
2273 2291 2328 2335 ad

101 2363 332 2408 Adrastum
361 2362 506 2407 redeo.
568 2363 750 2406 Primum
780 2362 909 2416 igitur
939 2363 1104 2417 Tyrtaei
1133 2364 1283 2416 fragm.
1304 2362 1344 2415 9,
1364 2362 1404 2405 8.
1422 2362 1576 2417 Bergk.
1609 2360 1708 2405 οὐδ’
1739 2363 1777 2405 εἰ
1812 2362 2099 2406 Τανταλίδεω
2124 2364 2328 2410 Πέλοπος

100 2433 423 2494 βασιλεύτερος
458 2433 548 2490 εἴη,
589 2435 805 2490 γλῶσσαν
846 2432 887 2475 δ’
925 2432 1184 2492 Ἀδρήστου
1223 2431 1545 2491 μειλιχόγηρυν
1583 2432 1709 2491 ἔχοι,
1750 2448 1877 2493 quem
1911 2448 2083 2480 versum
2109 2437 2327 2481 Platonem

98 2510 144 2552 in
179 2512 319 2552 mente
365 2509 568 2552 habuisse
606 2509 832 2551 verisimile
873 2511 960 2559 est,
1004 2508 1059 2550 ad
1103 2509 1242 2562 ipsum
1279 2507 1509 2551 Adrastum
1547 2520 1625 2552 nos
1665 2510 1840 2563 relegat.
1915 2509 2075 2554 Deinde
2118 2509 2328 2564 Euripidis

100 2581 376 2637 Supplicibus
404 2582 522 2634 actiS‚
550 2592 677 2636 quam
709 2580 969 2635 tragoediam
998 2591 1107 2624 anno
1141 2582 1293 2636 quarto
1327 2578 1486 2635 Olymp.
1505 2579 1699 2626 LXXXIX
1728 2581 1867 2628 datam
1900 2594 1996 2628 esse
2012 2581 2255 2629 Boeckhius
2285 2585 2328 2627 et

100 2654 148 2700 G.
189 2655 454 2699 Hermannus
494 2665 580 2697 uno
628 2665 702 2697 ore
741 2653 1013 2705 confirmant,
1043 2652 1215 2697 Adrasti
1243 2664 1426 2708 persona
1470 2653 1607 2698 notior
1648 2656 1762 2699 facta
1801 2666 1897 2700 esse
1938 2657 2116 2710 poterat.
2188 2654 2233 2700 In
2276 2666 2328 2700 ea

97 2731 242 2772 autem
256 2727 477 2782 tragoedia
494 2726 726 2771 Adrastum
756 2725 1047 2770 facundissimi
1079 2726 1258 2770 oratoris
1289 2737 1511 2781 personam
1542 2738 1671 2782 agere
1701 2739 1823 2773 nemo
1843 2740 1928 2772 non
1946 2728 2072 2773 videt.
2134 2728 2328 2784 Denique

96 2813 152 2846 ne
184 2801 416 2844 Adrastum
453 2811 550 2844 cum
588 2800 752 2843 Pericle
796 2799 1072 2853 compositum
1106 2810 1190 2842 non
1236 2799 1461 2843 ferendum
1503 2804 1651 2855 putea,
1698 2802 1823 2845 etiam
1861 2802 1973 2845 infra
2008 2814 2105 2857 pag.
2148 2801 2237 2844 278
2281 2802 2327 2844 C.

97 2875 265 2929 Lysiam
291 2873 519 2919 Homerum
551 2873 749 2917 Solonem
780 2872 903 2915 simili
937 2872 1060 2915 modo
1093 2872 1211 2925 iungi
1249 2873 1497 2917 memineris.
1562 2874 1718 2918 Contra
1747 2874 1959 2931 quomodo
1994 2873 2206 2919 Adrastus
2248 2885 2327 2930 pro
