2502 3116
101 240 175 283 vix
205 235 507 291 comprehendi
544 235 727 289 possint,
769 236 913 279 nescio
946 247 1002 279 an
1035 236 1172 289 σοφοὶ
1203 237 1448 281 delendum·
1466 249 1562 281 esse
1587 237 1811 281 rideatur:
1857 237 2055 289 Accedit,
2074 239 2136 280 'ut
2164 238 2335 281 servato

106 311 247 366 σοφοὶ
265 308 473 365 oppositio
508 319 675 360 eorum,
710 320 824 363 quae
855 309 1046 363 sophista
1076 311 1206 364 paulo
1239 311 1352 355 infra
1383 323 1477 365 pag.
1514 310 1603 353 276
1635 310 1681 354 C.
1710 310 1922 365 adiungit,
1953 311 2103 354 mirum
2133 314 2339 365 quantum

107 383 363 435 debilitetur,
395 380 537 425 deleto
567 382 715 425 contra
745 380 828 424 hoc
858 381 1069 427 vocabulo
1103 382 1210 428 haec
1242 382 1329 427 duo
1361 383 1578 429 enuntiata
1602 381 1645 424 οἱ
1669 379 1875 438 ἀμαθεῖς
1899 378 1992 441 ἄρα
2012 379 2337 439 μανθάνουσιν

109 456 204 502 ἀλλ’
237 453 329 509 οὐχ
356 455 401 496 οἱ
428 454 565 506 σοφοὶ
610 457 653 497 et
698 454 741 495 ot
774 455 912 506 σοφοὶ
943 451 1036 512 ἄρα
1068 455 1395 510 μανθάνουσιν
1433 454 1528 498 ἀλλ’
1563 453 1655 509 οὐχ
1676 456 1720 497 ot
1748 454 1951 510 ἀμαθεῖς
1992 458 2118 512 plane
2148 457 2259 500 inter
2289 466 2336 499 se

108 530 304 586 opposita
328 528 591 570 audientium
628 527 789 570 animos
818 529 1093 572 vehementer
1125 541 1385 572 commovere
1417 531 1747 571 consentaneum
1777 529 1843 571 sit.

290 598 472 655 Euthyd.
507 598 593 643 281
624 598 671 643 Β.
730 593 758 654 ἢ
777 600 956 654 μᾶλλον
990 599 1118 656 ὀλίγα
1145 602 1256 643 νοῦν
1284 598 1415 656 ἔχων.
1478 600 1772 646 Retinentibus
1793 601 1915 645 nobis
1934 601 2198 646 verbaroffr
2217 596 2338 655 ἔχων

104 675 315 732 oppositio
349 673 485 717 oritur
517 672 571 715 ab
601 671 684 716 hoc
712 672 808 717 loco
846 674 1101 719 alienissima
1131 675 1240 718 inter
1272 686 1390 728 eum,
1431 674 1507 730 qui
1537 674 1671 718 multa
1706 673 1995 729 imprudenter
2028 677 2128 729 agat
2154 677 2198 720 et
2229 685 2338 725 eum,

106 750 182 805 qui
209 758 348 802 pauca
379 745 625 799 prudenter.
672 745 734 788 Ex
764 746 816 789 iis
845 748 988 790 verbis
1017 749 1169 799 autem,
1203 759 1314 802 quae
1343 747 1482 790 statim
1508 749 1749 801 sequuntur
1765 742 1886 803 (οὐκ
1915 745 2089 788 ἐλάττω
2120 744 2339 803 πράττων

107 819 282 865 ἐλάττω
317 813 373 859 ἂν
405 814 771 877 ἐξαμαρτάνω]
798 818 897 863 luce
931 819 1086 862 clarius
1118 819 1199 862 hoc
1227 820 1445 864 Socratem
1476 819 1587 864 velle
1615 822 1811 874 apparet:
1846 820 1891 863 Si
1922 821 2020 875 quis
2046 820 2336 874 imprudenter

106 894 213 950 agit,
249 891 401 937 melius
426 892 493 935 est
540 901 639 935 eum
682 902 822 946 pauca
858 902 988 946 agere
1036 902 1160 947 quam
1199 891 1341 937 multa.
1403 891 1498 937 Huc
1539 894 1702 937 tantum
1737 891 1861 936 abest
1893 895 1944 937 ut
1975 892 2048 936 illa
2077 892 2208 937 verba
2248 892 2337 936 ullo

106 967 232 1013 modo
260 965 491 1023 quadrent,
534 966 585 1008 ut
621 975 786 1009 omnem
810 976 966 1009 nexum
998 965 1298 1009 sententiarum
1327 965 1495 1010 tollant:
1531 976 1741 1022 nusquam
1776 965 1887 1010 enim
1924 964 2037 1009 infra
2065 964 2119 1010 de
2152 977 2227 1018 eo,
2265 966 2340 1023 qui

106 1053 245 1099 pauca
278 1039 452 1095 quidem
483 1038 562 1081 sed
591 1049 643 1080 ea
674 1037 908 1092 prudenter
939 1041 1056 1092 agat,
1099 1050 1237 1082 sermo
1271 1041 1348 1083 est.
1412 1038 1538 1093 Quod
1567 1039 1697 1094 igitur
1728 1039 2033 1083 Stallbaumius
2065 1040 2341 1094 oppositionis

109 1115 328 1159 rationem·
345 1112 429 1155 hoc
458 1110 791 1155 additamentum
823 1111 1042 1166 requirere
1071 1111 1306 1164 contendit,
1343 1124 1370 1155 a
1401 1124 1504 1156 vero
1542 1112 1711 1157 videtur
1747 1124 1833 1156 non
1869 1111 2138 1156 mediocriter
2167 1112 2340 1157 aberra·

109 1189 236 1231 visse.
300 1185 451 1240 Neque
482 1184 591 1227 enim
618 1184 656 1226 is
686 1195 815 1238 quem
839 1187 1053 1238 comparat
1072 1185 1193 1227 locus
1221 1185 1308 1228 281
1332 1185 1380 1229 D.
1410 1182 1489 1226 ἐὰν
1507 1186 1595 1240 μὲν
1624 1183 1786 1227 αῦταΐν
1805 1186 1969 1240 ἡγῆται
1988 1182 2179 1240 ἀμαθία
2194 1185 2339 1240 μείζω

110 1257 231 1303 κακοὶ
257 1255 372 1300 εἶναι
395 1282 458 1288 -
490 1252 569 1297 ἐάν
603 1253 656 1297 δέ
684 1253 906 1313 φρόνησις
935 1256 1011 1298 καὶ
1045 1258 1187 1310 σοφία
1217 1259 1361 1311 μείζω
1395 1255 1559 1313 ἀγαθὰ
1586 1258 1707 1312 huic,
1733 1258 1788 1302 de
1816 1270 1904 1314 quo
1925 1270 2041 1302 nunc
2065 1258 2340 1312 disputamus,

109 1331 345 1387 comparari
377 1331 564 1385 poterat,
603 1340 736 1383 quum
765 1329 807 1372 in
839 1329 912 1373 illo
943 1341 1020 1385 per
1056 1331 1342 1383 enuntiatum,
1381 1330 1497 1387 quod
1528 1331 1656 1386 paulo
1701 1343 1831 1387 supra
1866 1330 2025 1385 legitur
2065 1324 2136 1389 ἄρ’
2165 1325 2249 1373 οὖν
2279 1355 2342 1363 -

112 1403 218 1449 ἄνευ
256 1401 527 1460 φρονήσεως
556 1400 633 1442 καὶ
665 1402 832 1454 σοφίας
863 1415 899 1446 e.
930 1415 970 1458 q.
1001 1416 1033 1447 s,
1063 1404 1169 1447 haec
1202 1404 1289 1447 duo
1324 1404 1407 1447 iam
1435 1406 1634 1448 accurate
1676 1405 1912 1458 significata
1949 1406 2111 1456 essent,
2154 1404 2231 1448 has
2269 1416 2341 1448 res

111 1480 203 1523 sine
243 1475 451 1530 sapientia
491 1474 652 1517 nullius
694 1485 793 1517 esse
835 1476 959 1528 pretii
973 1510 983 1527 ,
1026 1476 1270 1520 moderante
1310 1479 1453 1519 autem
1493 1477 1699 1530 sapientia
1736 1477 1887 1530 magni.
1916 1500 1980 1508 —
2009 1476 2094 1519 Iam
2133 1477 2341 1520 Schleier·

110 1550 335 1596 macherus
370 1559 456 1604 qua
491 1549 583 1592 erat
614 1546 772 1601 ingenii
804 1547 896 1592 acie
927 1548 999 1592 illa
1029 1549 1159 1592 verba
1197 1549 1309 1591 νοῦν
1350 1545 1471 1603 ἔχων
1511 1549 1616 1593 ferri
1645 1560 1730 1593 non
1759 1561 1887 1604 posse
1914 1548 2100 1593 sentiens
2135 1550 2245 1591 νοῦν
2272 1547 2341 1606 μή

111 1622 233 1678 ἔχων
283 1620 602 1673 emendaverat,
650 1632 778 1675 quam
829 1621 1161 1666 emendationem
1208 1634 1231 1666 e
1282 1622 1464 1667 lectione
1517 1622 1825 1678 Stephanianae
1875 1622 2070 1666 editionis
2124 1623 2236 1665 νοῦν
2290 1622 2341 1665 δὲ

112 1695 233 1753 ἔχων
279 1695 408 1741 facile
457 1694 553 1739 elici
601 1706 731 1749 posse
777 1694 1045 1739 existimaret.
1125 1695 1210 1740 Sed
1267 1708 1399 1752 quum
1451 1695 1558 1741 illud
1604 1693 1655 1738 δὲ
1696 1696 1739 1740 in
1777 1695 1895 1740 nullo
1940 1695 2048 1740 libro
2095 1695 2342 1751 inveniatur,

111 1772 195 1815 hoc
232 1768 507 1823 relinquitur,
552 1769 602 1810 ut
644 1767 769 1810 etiam
806 1768 918 1808 νοῦν
960 1764 1080 1821 ἔχων
1119 1768 1348 1813 deleamus.
1426 1769 1562 1813 Facile
1599 1769 1707 1813 enim
1745 1768 1936 1812 adducor
1974 1771 2023 1812 ut
2065 1768 2172 1812 haec
2213 1771 2344 1814 verba

110 1857 138 1888 a
168 1842 312 1887 scriba
338 1840 482 1884 addita
525 1851 622 1883 esse
650 1839 838 1893 credam,
882 1841 957 1895 qui
993 1841 1225 1884 faciliorem
1266 1845 1310 1886 et
1349 1844 1612 1886 usitatiorem
1654 1842 1959 1896 oppositionem
2006 1841 2224 1885 videretur
2261 1843 2342 1886 sibi

109 1916 351 1961 restituere.
412 1912 551 1968 Ipsam
582 1913 832 1957 sententiam
863 1916 913 1958 ut
936 1913 1044 1958 illud
1071 1915 1182 1956 νοῦν
1212 1911 1332 1969 ἔχων
1363 1915 1557 1960 deleatur
1584 1915 1774 1969 flagitare
1799 1914 1967 1958 facilius
1998 1914 2074 1958 tibi
2103 1915 2336 1969 persuade-

111 1989 178 2035 his
210 1987 454 2043 comparato
485 1985 581 2031 loco
615 1985 820 2031 simillimo
851 1986 1033 2043 Euthyd.
1066 1986 1157 2032 280
1190 1987 1234 2033 Ε.

298 2060 481 2115 Euthyd.
512 2060 603 2102 286
632 2060 676 2103 E.
710 2057 820 2102 οὐδ’
854 2055 947 2117 ἄρα
975 2059 1201 2116 ἐκέλευον,
1233 2059 1319 2118 ἔφη
1330 2092 1346 2117 ,
1379 2060 1469 2117 ἐγώ
1502 2062 1584 2103 νῦν
1615 2060 1687 2117 δή,
1716 2058 2138 2118 ὀΔιονυσόδωρος,
2169 2060 2341 2117 ἐξελέγ-

112 2137 200 2185 ξαι·
228 2130 285 2175 τὸ
318 2130 406 2188 γὰρ
436 2130 504 2187 μὴ
538 2127 592 2173 ὃν
622 2132 723 2178 παῖς
756 2128 813 2174 ἄν
842 2146 910 2178 τις
940 2131 1147 2175 κελεύσαι
1158 2149 1176 2184 ,-
1208 2128 1274 2176 Ὦ
1307 2132 1582 2189 Εῦδύδημε,
1613 2129 1669 2190 ἦν
1699 2132 1741 2175 δ’
1772 2133 1891 2189 ἐγώ,
1919 2131 1979 2174 τὰ
2009 2131 2134 2186 σοφὰ
2163 2138 2207 2178 et
2235 2147 2275 2189 q.
2308 2148 2341 2179 s,

112 2207 228 2251 Haec
255 2208 322 2250 est
347 2205 475 2250 lectio
493 2206 690 2258 vulgata:
724 2218 852 2261 quam
874 2217 955 2259 ego
983 2206 1155 2261 quidem
1172 2210 1398 2262 propterea
1418 2207 1634 2251 ferendam
1651 2219 1732 2251 non
1768 2218 1866 2251 esse
1899 2218 2075 2257 censeo,
2110 2207 2210 2261 qnia
2249 2208 2343 2252 fieri

111 2290 240 2335 posse
273 2288 358 2323 non
390 2279 517 2334 puto,
560 2279 610 2321 ut
650 2277 992 2333 Dionysodorus,
1033 2280 1224 2335 quamvis
1265 2280 1319 2324 sit
1358 2279 1744 2335 impudentissimus
1790 2278 1997 2335 sophista,
2035 2290 2087 2323 ea
2126 2278 2341 2332 infitietur,

113 2363 227 2409 quae
259 2352 353 2406 ipse
385 2351 510 2395 modo
541 2350 706 2396 dixerit.
767 2351 918 2407 Neque
946 2352 1079 2406 magis
1107 2353 1396 2409 Euthydemus
1433 2353 1568 2397 ‘fratri
1599 2353 1806 2396 laboranti
1836 2349 2103 2396 succurrens’
2135 2364 2206 2405 ea,
2233 2364 2344 2408 quae

111 2426 236 2471 modo
272 2425 385 2468 dicta
412 2424 600 2480 ideoque
618 2425 661 2468 in
684 2425 868 2469 omnium
899 2427 1100 2469 memoria
1133 2431 1287 2481 essent,
1322 2429 1437 2470 facta
1467 2427 1631 2470 dictave
1662 2438 1758 2470 esse
1789 2437 1948 2481 negare
1980 2429 2158 2481 poterat.
2223 2427 2344 2480 Quae

114 2511 247 2555 quum
278 2498 338 2541 ita
365 2499 467 2550 sint,
498 2498 624 2541 etiam
649 2498 764 2541 illius
795 2498 920 2542 lectio
951 2499 1218 2553 reprobanda
1252 2503 1337 2552 est,
1369 2501 1443 2556 qui
1472 2501 1514 2543 in
1549 2499 1770 2555 Bipontina
1800 2500 1928 2543 Ficini
1956 2500 2343 2555 interpretationem

115 2573 178 2617 sic
216 2571 411 2615 mutavit:
457 2570 552 2615 ‘nec
588 2570 696 2614 illud
732 2570 1050 2626 Dionysodorus
1089 2573 1214 2617 iussit
1249 2576 1301 2616 ut
1335 2570 1590 2618 refelleres':
1629 2573 1821 2616 nimirum
1861 2573 1934 2617 ille
1964 2572 2073 2617 hanc
2113 2573 2345 2616 orationem

113 2644 376 2699 Euthydemo
403 2644 607 2688 tribuisse
656 2644 910 2700 omissisque
949 2642 1035 2700 ἔφη
1079 2650 1122 2690 et
1165 2644 1256 2702 ἐγώ
1301 2647 1517 2701 putandus
1561 2649 1627 2691 est
1669 2648 1889 2701 scripsisse
1934 2646 2142 2688 ἐκέλευεν.
2213 2646 2343 2689 Multo

114 2717 267 2766 melius
311 2716 355 2763 C.
387 2716 450 2762 Fr.
484 2716 749 2763 Hermannus
795 2728 846 2762 ea
887 2729 974 2774 qua
1012 2720 1078 2764 est
1117 2719 1349 2776 sagacitate
1388 2732 1516 2776 parva
1554 2719 1845 2766 emendatione
1882 2717 2068 2765 adhibita
2107 2717 2169 2763 sic
2204 2717 2344 2764 locum

116 2792 304 2842 restituit
333 2802 358 2835 e
389 2790 641 2837 Bodleiano:
682 2788 790 2834 οὐδ’
823 2786 916 2850 ἄρα
944 2790 1167 2849 ἐκέλευεν,
1198 2791 1312 2851 ἔφην
1343 2792 1473 2849 ἐγών
1506 2794 1589 2837 νῦν
1623 2791 1679 2849 δὴ
1712 2790 2065 2851 Διονυσόδωρος
2097 2790 2318 2848 ἐξελέγξαι
2326 2807 2346 2845 5

123 2864 181 2907 To
215 2862 303 2922 γὰρ
338 2861 406 2919 μή
435 2859 489 2905 ὃν
519 2866 621 2910 παῖς
650 2860 708 2906 ἄν
739 2877 806 2911 τις
829 2864 1068 2918 :relatiuam
1111 2866 1168 2909 σύ
1201 2866 1253 2909 δὲ
1283 2865 1474 2913 κελεύεις
1483 2882 1502 2919 ,·
1520 2861 1641 2922 wa,
1674 2861 1729 2922 ἦν
1761 2866 1804 2909 δ’
1835 2864 1954 2922 ἐγώ,
1994 2860 2035 2908 αἶ
2068 2863 2345 2921 Εὐθύδημε,
