2502 3116
1066 111 1379 153 -14-

290 236 362 280 Ch.
424 235 517 279 Non
577 238 699 279 otest.

292 310 333 352 S.
396 308 507 362 Ergo
536 247 620 352 njon
659 308 796 352 solum
826 307 1050 363 pulchrum
1081 308 1186 364 quid
1222 309 1302 353 sed
1341 310 1466 354 etiam
1504 309 1661 353 bonum
1694 312 1759 353 est
1790 310 2076 364 temperantia.
2151 309 2333 353 Homero

107 385 250 427 autem
290 380 547 426 credendum
587 380 686 433 erit,
726 380 802 436 qui
845 379 1054 436 pudorem
1086 381 1282 426 omnibus
1322 382 1484 439 ubique
1514 382 1672 427 bonum
1705 394 1802 427 esse
1835 383 2014 437 negavit.
2088 380 2199 437 Ergo
2230 385 2333 427 tem-

105 456 315 511 perantia,
357 466 484 511 quam
525 453 903 499 demonstravimus
944 466 1112 510 semper
1147 456 1306 501 bonum
1338 467 1454 508 esse,
1491 455 1630 510 pudor
1662 467 1758 500 esse
1794 456 1961 512 nequit,
2001 456 2074 512 qui
2101 454 2330 500 identid-

105 529 260 575 malum
290 532 453 645 gite-nrm.
480 601 565 644 167
591 600 643 643 A.
687 600 767 641 καὶ
793 601 842 640 τί
863 599 1004 646 αὐτὸς
1030 599 1168 642 οἴεται
1194 612 1311 655 seqq.
1373 599 1491 642 Hanc
1524 599 1717 643 codicum
1746 602 1969 644 lectionem
1995 612 2126 656 quum
2144 602 2330 645 editores

106 675 326 719 ferendam
356 686 441 718 non
473 686 571 718 esse
599 675 694 718 iure
722 674 961 718 iudicarent
993 675 1063 717 alii
1088 674 1170 717 alio
1195 673 1320 717 modo
1349 674 1628 716 mutaverunt.
1691 672 1758 717 Ac
1776 674 1875 717 mihi
1896 674 2068 729 quidem
2087 674 2330 719 facillimum

105 748 274 793 videtur
307 748 514 793 scrihere:
560 747 638 789 καὶ
674 749 722 789 τι
749 744 889 794 αὐτὸς
918 744 1080 800 οἴεται,
1127 741 1312 790 ιιῑῚιαεο
1342 746 1552 790 sententia
1584 745 1754 789 existat:
1783 748 2053 801 temperantis
2087 750 2152 791 est
2185 749 2327 803 cogni-

105 824 195 866 tum
226 821 386 866 habere
415 820 520 877 quid
547 822 734 877 quisque
765 821 871 865 sciat
901 824 945 864 et
975 819 1078 876 quid
1110 818 1221 863 idem
1253 819 1364 863 scire
1397 818 1478 862 sibi
1509 818 1726 871 videatur,
1766 831 1814 863 re
1844 831 1946 864 vera
1975 824 2116 865 autem
2157 823 2329 866 nesciat.

104 894 323 939 Rariorem
361 895 471 937 hanc
518 895 670 938 crasim
721 905 817 937 esse
856 904 937 936 non
980 894 1148 946 ignoro:
1211 904 1296 947 quo
1341 892 1509 937 facilius
1557 892 1651 935 fleri
1692 893 1851 946 potuit,
1900 896 1947 935 ut
1989 893 2147 938 librarii
2190 898 2232 939 in
2280 909 2331 940 ea

103 967 381 1012 offenderent.

291 1042 448 1085 Criton.
486 1040 545 1083 47
572 1040 617 1084 C.
665 1037 862 1094 τιμήσας
896 1036 942 1080 δὲ
972 1035 1080 1084 τούς
1113 1038 1210 1080 ταῖν
1238 1037 1423 1080 πολλῶν
1452 1036 1628 1093 λόγους.
1658 1035 1850 1094 λόγους,
1881 1039 1998 1094 quod
2027 1040 2182 1095 optime
2210 1044 2330 1086 ante-

106 1113 359 1160 cedentibus
390 1109 474 1169 τὴν
507 1108 653 1163 δόξαν
683 1111 758 1153 καὶ
784 1108 895 1157 τούς
929 1109 1139 1158 ἐπαίνους
1169 1111 1419 1167 respondet,
1457 1122 1589 1169 quum
1609 1110 1839 1171 Clarkiani
1866 1111 2014 1156 Veneti
2044 1113 2096 1155 11
2119 1113 2330 1159 Vindobo-

106 1188 254 1234 nensis
289 1188 332 1230 Φ
360 1187 545 1244 denique
572 1185 769 1230 Huetiani
794 1186 837 1227 Ψ
851 1185 1104 1229 auctoritate
1123 1184 1356 1239 muniatur,
1390 1195 1475 1230 non
1503 1185 1607 1230 satis
1633 1185 1842 1241 perspicio
1865 1195 1943 1229 cur
1970 1186 2330 1232 exterminandum

106 1273 206 1307 esse
238 1262 446 1306 videatur.
510 1260 635 1313 Quod
666 1259 775 1303 enim
814 1259 1063 1313 glossatoris
1093 1258 1424 1304 additamentum
1456 1256 1620 1315 λόγους
1651 1270 1748 1304 esse
1779 1258 1934 1313 dicunt,
1964 1260 2169 1306 eiusmodi
2197 1261 2328 1306 homi-

105 1347 203 1380 nem
236 1336 379 1390 potius
413 1334 623 1380 ὲπαενους
652 1333 930 1388 repetiturum
958 1333 1094 1376 fuisse
1129 1332 1334 1388 suspicor.
