2502 3116
287 1300 414 1358 Gorg.
441 1300 533 1347 480
563 1300 608 1348 E.
675 1299 944 1348 deuoentou
973 1301 1025 1347 δέ
1049 1317 1098 1360 γε
1123 1296 1185 1347 αὖ
1201 1315 1317 1361 seqq.
1379 1301 1457 1348 Hic
1488 1302 1609 1349 locus
1636 1303 1867 1349 interiectis
1895 1303 2038 1349 verbis
2070 1300 2148 1347 ἐὰν
2166 1299 2314 1360 μόνον

102 1369 170 1429 μὴ
192 1395 252 1406 -
271 1372 545 1432 εὐλαβητέον
568 1376 717 1422 mirum
739 1380 941 1434 quantum
975 1377 1213 1433 impeditur.
1274 1377 1341 1422 Ac
1370 1376 1468 1420 mihi
1497 1376 1668 1433 quidem
1700 1377 1821 1421 Plato
1850 1377 1932 1422 hoc
1961 1377 2103 1422 dicere
2133 1377 2313 1422 videtur.

103 1446 147 1489 ln
164 1448 512 1493 antecedentibus
531 1450 726 1495 Socrates
745 1453 905 1495 tantum
922 1451 1074 1495 abesse
1102 1450 1411 1503 demonstravit,
1441 1452 1489 1492 ut
1509 1461 1646 1504 poena
1668 1450 1823 1493 malum
1843 1451 1908 1503 sit,
1936 1452 1985 1493 ut
2004 1461 2165 1493 summo
2182 1462 2314 1505 opere

102 1521 342 1573 expetenda
374 1534 471 1565 esse
497 1524 713 1576 videatur,
756 1525 915 1579 quippe
955 1536 1066 1579 quae
1095 1525 1255 1566 animos
1286 1524 1450 1566 scelere
1483 1523 1654 1566 liberet:
1696 1523 1814 1566 stulti
1846 1524 1976 1576 igitur
2012 1535 2108 1566 esse
2134 1523 2313 1566 hominis

100 1602 279 1645 poenam
306 1595 499 1648 effugere
536 1596 666 1649 velle,
702 1597 845 1651 potius
877 1596 921 1640 id
951 1596 1159 1651 agendum
1191 1606 1308 1648 esse,
1350 1597 1401 1638 ut
1437 1597 1481 1638 et
1522 1595 1615 1649 ipse
1649 1606 1827 1648 poenam
1857 1595 2066 1649 suscipias
2097 1598 2140 1638 et
2169 1596 2313 1639 amicis

101 1663 213 1709 idem
242 1666 516 1720 persuadeas.
578 1668 853 1724 Progreditur
889 1669 971 1714 iam
999 1668 1054 1713 ad
1083 1679 1152 1722 ea,
1184 1678 1295 1724 quae
1324 1666 1422 1711 inde
1454 1668 1695 1712 necessaria
1727 1666 2027 1712 consecutione
2058 1668 2312 1712 efficiantur.

102 1734 264 1788 Quodsi
290 1739 447 1784 bonum
479 1744 544 1785 est
573 1742 709 1798 inquit
735 1754 892 1798 poena,
923 1743 1142 1788 inimicum.
1161 1744 1204 1786 et
1234 1752 1530 1797 quemcunque
1560 1741 1669 1785 malo
1700 1742 1876 1785 afficere
1903 1741 2090 1784 volueris
2118 1753 2144 1785 a
2176 1753 2314 1796 poena

102 1812 306 1863 quantum
333 1815 491 1867 poteris
523 1816 745 1860 immunem
775 1819 965 1871 praestes
996 1827 1172 1860 necesse
1204 1817 1287 1867 est,
1318 1826 1404 1870 qua
1423 1826 1470 1858 re
1502 1814 1596 1867 fiet,
1627 1817 1677 1857 ut
1707 1815 1779 1858 ille
1813 1825 1980 1868 semper
2009 1814 2183 1858 sceleris
2214 1826 2314 1859 con-

101 1882 276 1928 scientia
320 1888 572 1932 constrictus
604 1890 810 1934 teneatur.
880 1889 926 1933 In
956 1889 1035 1933 hac
1063 1891 1201 1932 tamen
1229 1900 1276 1932 re
1308 1884 1412 1944 (ἐὰν
1442 1884 1591 1942 μόνον
1621 1884 1688 1942 μὴ
1722 1890 1767 1932 et
1796 1900 1837 1943 q,
1867 1885 1926 1943 s.)
1959 1887 2193 1933 cavendum
2222 1888 2315 1942 erit,

99 1966 155 1999 ne
183 1955 276 2011 ipse
305 1958 360 2002 ab
389 1959 463 2004 illo
494 1961 701 2006 laedaris:
728 1973 825 2005 nam
857 1961 893 2006 si
918 1961 989 2006 ille
1021 1963 1165 2006 contra
1194 1962 1237 2005 te
1262 1960 1401 2015 ipsum
1431 1960 1691 2015 peccaverit,
1731 1971 1816 2004 non
1845 1959 2007 2015 poteris
2035 1971 2134 2004 eum
2157 1971 2243 2004 non
2272 1960 2317 2006 in

100 2027 301 2073 iudicium
333 2043 496 2078 vocare.
560 2035 606 2078 Si
636 2037 779 2079 autem
812 2035 957 2079 contra
987 2034 1131 2087 alium,
1162 2045 1246 2077 non
1276 2033 1413 2077 solum
1445 2044 1530 2077 non
1564 2033 1787 2076 accusabis
1819 2043 1936 2086 eum,
1970 2033 2048 2077 sed
2077 2033 2203 2077 etiam
2223 2032 2317 2088 ipse

99 2104 304 2155 quantum
331 2104 375 2147 in
404 2107 448 2149 te
478 2109 544 2150 est
574 2107 745 2151 curabis
772 2118 828 2151 ne
854 2108 1094 2150 accusetur,
1156 2106 1360 2159 Quoniam
1399 2106 1510 2149 enim
1545 2106 1710 2149 scelere
1750 2107 1993 2161 perpetrato
2021 2116 2204 2160 poenam
2230 2117 2316 2149 non

97 2172 219 2217 luere
239 2176 395 2221 malum
427 2181 514 2232 est,
545 2180 608 2223 vis
638 2180 808 2235 quidem
833 2180 910 2223 tibi
930 2179 1046 2222 illata
1066 2180 1104 2222 vi
1125 2178 1369 2233 repellenda
1399 2182 1485 2223 est:
1518 2179 1562 2222 in
1591 2179 1834 2222 universum
1861 2180 2005 2222 autem
2036 2189 2124 2233 quo
2155 2178 2316 2222 diutius

98 2246 308 2291 inimicum
337 2261 475 2304 poena
503 2252 769 2306 liberaveris,
814 2264 865 2297 eo
897 2253 1089 2306 graviore
1117 2251 1226 2295 malo
1257 2246 1366 2295 eum'
1384 2251 1561 2295 afficies.
1636 2251 1756 2304 Quae
1789 2245 1998 2295 sententia
2032 2250 2186 2305 optime
2215 2262 2315 2295 con-

98 2320 213 2375 gruit
247 2323 290 2364 et
320 2333 416 2366 cum
445 2324 516 2378 iis,
541 2337 652 2381 quae
683 2329 781 2370 ante
810 2325 922 2369 dicta
954 2327 1072 2377 sunt,
1100 2326 1143 2368 et
1173 2336 1269 2367 cum
1299 2323 1369 2377 iis,
1401 2336 1513 2379 quae
1543 2336 1640 2368 mox
1669 2324 1896 2379 adduntur.
1945 2323 2119 2368 Miretur
2147 2323 2315 2380 aliquis,

101 2393 177 2447 qui
203 2393 295 2436 fieri
323 2396 477 2450 possit,
504 2400 554 2441 ut
575 2399 794 2452 Socrates,
824 2410 951 2455 quem
975 2398 1138 2441 omnino
1156 2397 1361 2440 neminem
1382 2397 1534 2440 iniuria
1555 2397 1622 2441 vel
1638 2397 1747 2440 malo
1776 2396 2048 2440 afficiendum
2067 2407 2163 2440 esse
2184 2407 2316 2451 saepe

99 2466 255 2510 docere
284 2471 465 2522 constet,
494 2471 575 2514 iam
606 2473 816 2528 quomodo
848 2472 1012 2514 inimico
1036 2471 1212 2513 maxime
1243 2482 1397 2513 nocere
1424 2471 1563 2525 possis
1595 2470 1750 2514 docere
1781 2470 1985 2513 videatur.
2047 2469 2107 2513 At
2136 2470 2316 2524 primum

101 2540 299 2583 Socrates
329 2541 436 2585 haec
465 2556 549 2587 non
574 2546 633 2588 ita
663 2546 869 2600 disputat,
908 2547 957 2587 ut
992 2544 1220 2597 discipulos
1248 2544 1355 2587 haec
1382 2546 1610 2597 praecepta
1638 2544 1681 2586 in
1712 2543 1876 2596 agendo
1910 2542 2032 2596 sequi
2072 2542 2194 2595 velit,
2237 2541 2316 2585 sed

97 2611 141 2654 id
172 2612 276 2667 agit,
308 2615 356 2658 ut
387 2618 612 2672 postquam
646 2619 869 2671 utilitatem
900 2629 1062 2672 poenae
1093 2617 1137 2660 in
1167 2616 1309 2661 amicis
1349 2616 1648 2661 demonstravit
1678 2627 1762 2659 non
1793 2612 2033 2658 dissimilem
2062 2614 2106 2659 in
2137 2614 2314 2658 inimicis

98 2685 299 2729 rationem
327 2697 423 2732 esse
453 2693 647 2743 exponat.
711 2692 783 2735 Sic
808 2691 975 2734 demum
993 2690 1162 2734 abunde
1183 2691 1444 2733 satisfactum
1464 2701 1562 2734 esse
1590 2689 1689 2732 huic
1720 2688 1797 2731 toti
1824 2687 2060 2742 quaestioni
2079 2687 2313 2730 videbatur.

99 2759 259 2803 Deinde
297 2761 466 2816 quinam
507 2764 567 2806 illi
606 2765 710 2818 sint,
750 2769 904 2816 ⁴contra
938 2777 1048 2820 quos
1087 2766 1283 2807 Socrates
1331 2764 1539 2818 fflsputet‚
1589 2761 1941 2805 considerandum
1982 2760 2073 2803 erit.
2152 2760 2320 2810 Etenim,

1576 2835 1596 2878 1
