2502 3116
1083 92 1360 136 ...2-

105 217 307 274 qnoniam
347 217 452 274 quid
491 217 546 261 de
580 220 672 262 arte
712 217 897 261 oratoria
939 217 1225 272 sophistarum
1265 218 1441 261 sentiret
1489 216 1659 259 volebat
1697 216 1885 270 aperire,
1927 224 2071 258 omnes
2115 223 2188 256 eas
2224 212 2335 256 vitae

106 289 369 335 conditiones
412 292 746 347 persequeretur
784 302 962 335 necesse
1000 293 1112 343 erat,
1156 291 1199 334 in
1230 291 1386 347 quibus
1428 291 1524 334 illos
1565 289 1638 333 illa
1674 291 1767 332 arte
1807 288 1983 333 maxime
2014 286 2078 330 uti
2109 288 2334 330 constaret.

107 364 336 418 Postquam
365 364 496 417 igitur
522 364 604 407 hoc
633 364 954 416 demonstravit,
987 365 1089 407 artis
1107 365 1315 408 oratoriae
1342 376 1422 408 nec
1452 364 1506 407 ad
1538 374 1657 406 suam
1689 374 1770 406 1100
1801 362 1855 405 ad
1881 362 2107 405 amicorum
2122 359 2337 402 defensio-

106 448 222 489 nem,
251 436 296 481 id
322 436 439 493 quod
467 436 527 480 illi
558 437 716 481 iactare
748 437 962 491 solebant,
995 438 1129 482 ullum
1159 450 1255 482 esse
1289 449 1415 481 usum
1448 434 1672 494 (sapientis
1692 435 1802 480 enim
1819 447 1916 479 esse
1936 445 2113 489 poenam
2135 435 2336 487 tanquam

106 510 294 554 salutare
324 510 486 566 aliquid
505 522 590 555 non
622 512 778 565 fugere
811 510 888 555 sed
921 511 1160 569 appetere),
1193 511 1392 564 restabat,
1420 514 1469 554 ut
1496 522 1550 554 ne
1574 509 1629 553 ad
1657 508 1921 553 accusandos
1943 508 2129 551 inimicos
2153 504 2335 560 quidem,

106 594 219 638 quae
248 583 383 627 altera
417 587 510 627 erat
540 584 826 639 sophistarum
854 584 1068 638 gloriatio,
1098 587 1231 628 artem
1262 585 1484 628 oratoriam
1514 585 1660 627 utilem
1691 594 1787 626 esse
1819 582 2075 626 ostenderet.
2138 578 2337 622 Oratione

106 655 237 708 igitur
274 655 332 699 ad
377 657 617 711 opinionem
656 657 825 700 illorum
861 656 1131 699 accomodata
1169 656 1381 711 quomodo
1410 657 1575 701 inimico
1607 656 1785 700 maxime
1811 666 1966 698 nocere
2002 654 2140 709 possis
2170 650 2337 707 quaerit

105 727 236 783 idque
267 739 354 772 non
388 728 631 773 accusando
664 728 743 773 sed
774 729 981 772 contrario
1014 730 1129 772 effici
1159 729 1416 783 comprobat.

295 800 422 856 Gorg.
462 802 551 845 499
592 802 638 845 Β.
703 801 767 847 αἱς
800 798 858 856 δὴ
892 798 948 842 σύ
993 799 1071 842 οἴει
1109 800 1190 856 ἐμὲ
1218 796 1247 858 ἢ
1280 801 1356 843 καὶ
1395 796 1531 842 ἄλλον
1568 812 1684 856 seqq.
1750 800 1915 843 Ficinus
1956 802 1999 842 et
2039 799 2121 842 hoc
2160 798 2254 841 loco
2294 798 2337 838 et

107 873 238 929 paulo
270 887 403 930 supra
428 874 554 930 Gorg.
580 874 670 919 468
699 873 763 921 αἱς
788 870 846 930 δή
877 870 933 916 σύ
964 867 1007 916 a?
1030 870 1278 932 Σώκρατες
1308 887 1424 931 seqq.
1448 874 1655 918 vocabula
1688 873 1751 920 αἱς
1784 870 1840 928 δὴ
1873 872 2002 916 latine
2033 871 2336 925 interpretatus

108 949 177 990 est
216 949 373 1003 quasi
414 960 554 992 vero.
628 948 706 990 Cui
744 948 1079 1002 interpretationi
1108 949 1411 991 Stallbaumius
1451 949 1693 991 assentitur.
1756 945 2110 1002 Nequedubium
2139 944 2336 998 cuiquam

106 1032 205 1063 esse
236 1022 411 1074 poterit,
446 1022 548 1076 quin
579 1021 721 1063 similis
749 1021 974 1074 utriusque
1004 1021 1084 1064 loci
1119 1023 1328 1065 sententia
1362 1022 1416 1064 sit
1446 1025 1489 1064 et
1520 1023 1614 1064 fere
1647 1034 1718 1073 ea,
1760 1032 1889 1075 quam
1927 1019 2094 1061 Ficinus
2125 1014 2336 1059 indicavit.

106 1091 254 1137 Priore
286 1093 397 1136 0111111
425 1093 520 1137 loco
559 1092 772 1136 Calliclem
804 1093 885 1137 hoc
915 1093 1057 1138 dicere
1091 1097 1286 1148 apparet,
1328 1105 1376 1137 se
1413 1104 1628 1149 nunquam
1666 1093 1898 1138 adductum
1925 1091 1996 1144 iri,
2036 1093 2085 1134 ut
2118 1089 2335 1133 Socratem

108 1164 226 1220 quod
248 1165 286 1208 is
310 1165 487 1209 credere
512 1176 559 1208 se
579 1165 749 1208 simulet
778 1177 929 1209 revera
952 1166 1126 1210 credere
1158 1167 1238 1210 sibi
1269 1166 1536 1221 persuadeat.
1598 1165 1756 1210 Eodem
1783 1165 1908 1210 modo
1932 1164 2064 1207 Polus
2091 1162 2176 1213 illo,
2209 1171 2336 1215 quem

106 1238 386 1292 posteriorem
426 1238 570 1292 posui,
617 1237 799 1291 Gorgiae
842 1239 937 1281 loco
976 1240 1059 1282 hoc
1101 1240 1207 1293 agit,
1249 1242 1299 1281 ut
1340 1240 1556 1281 Socratem
1594 1241 1842 1292 argumento
1882 1238 1937 1280 ad
1977 1236 2185 1280 hominem
2217 1231 2335 1288 quod

107 1311 235 1363 logici
274 1311 421 1353 dicunt
458 1313 632 1354 refutet.
695 1311 926 1365 Postquam
970 1313 1078 1355 enim
1116 1313 1185 1355 hic
1222 1313 1506 1365 impotentiam
1545 1324 1690 1355 eorum
1726 1310 2020 1365 reprehendit,
2052 1310 2126 1364 qui
2157 1307 2335 1350 multum

106 1383 151 1425 in
182 1394 231 1426 re
262 1384 436 1437 publica
466 1385 609 1428 valere
639 1384 720 1427 sibi
754 1385 995 1435 videantur,
1033 1384 1163 1427 Polus
1194 1396 1241 1427 se
1272 1384 1447 1428 credere
1480 1386 1632 1438 negat,
1674 1384 1892 1427 Socratem
1926 1383 2066 1437 ipsum
2105 1379 2334 1435 potentiam

106 1455 220 1500 forte
249 1455 331 1500 sibi
360 1456 546 1502 oblatam
575 1456 899 1514 repudiaturum
931 1468 1040 1502 esse.
1103 1455 1250 1513 Neque
1279 1456 1360 1502 alia
1389 1456 1556 1503 videtur
1595 1456 1847 1502 scholiastae
1882 1454 2021 1512 opinio
2060 1453 2216 1506 fuisse,
2260 1451 2333 1509 qui

107 1529 215 1573 haec
253 1529 308 1573 ad
348 1530 464 1575 hunc
510 1532 651 1575 locum
689 1531 923 1575 adnotavit:
984 1528 1067 1573 τὸν
1109 1529 1390 1586 ἐπιστήμονα
1427 1531 1491 1577 αἱς
1538 1529 1664 1573 δοκεῖ
1702 1530 1763 1576 εἰς
1804 1528 2047 1583 ἀντίφασιν
2089 1524 2332 1586 περιάγων.

107 1603 241 1648 Etiam
262 1603 309 1648 G.
332 1604 598 1648 Hermannus
629 1604 771 1648 locum
799 1604 1022 1660 Aeschyli,
1053 1607 1095 1649 et
1113 1617 1210 1648 eum
1237 1605 1407 1660 quidem
1436 1606 1730 1659 gravissimum.
1758 1605 1814 1648 ad
1842 1602 2156 1647 diiudicandam
2185 1601 2334 1645 harum

105 1677 412 1732 particularum
441 1677 525 1721 vim
551 1677 632 1731 Ag.
664 1678 782 1721 1602
815 1677 879 1723 αἱς
913 1675 969 1733 δή
1005 1675 1061 1720 σύ
1091 1691 1174 1732 μοι
1201 1676 1424 1735 τύραννος
1452 1676 1672 1735 Ἀργείων
1702 1674 1813 1730 ἔσει,
1847 1677 1908 1719 sic
1930 1675 2131 1719 reddidit:
2161 1674 2221 1718 ‘tu
2255 1675 2335 1718 sci·-

106 1749 208 1793 licet
236 1749 337 1793 mibi
363 1761 440 1794 rex
470 1749 726 1804 Argivorum
759 1747 869 1795 eris.'
932 1751 1016 1795 Iam
1034 1762 1136 1795 vero
1157 1763 1267 1807 quae
1288 1751 1458 1806 propria
1479 1752 1534 1795 sit
1552 1751 1701 1795 harum
1733 1750 1980 1795 vocularum
2003 1748 2065 1791 vis
2100 1748 2329 1804 quaeritur.

106 1820 253 1879 Atque
291 1822 391 1866 mihi
427 1821 599 1879 quidem
639 1823 701 1867 sic
742 1823 910 1868 videtur
944 1836 1014 1869 res
1047 1836 1094 1868 se
1124 1823 1295 1869 habere.
1356 1824 1415 1868 Ea
1446 1824 1683 1877 enuntiata,
1722 1823 1878 1880 quibus
1907 1820 2140 1877 particulae
2174 1819 2237 1866 ais
2271 1817 2330 1876 δή

106 1897 351 1952 praeposita
380 1897 483 1949 sint,
526 1907 682 1941 censeo
714 1897 784 1941 vel
825 1908 922 1941 cum
963 1897 1241 1941 antecedente
1276 1899 1492 1942 enuntiato
1535 1899 1604 1942 vel
1639 1908 1735 1941 cum
1776 1898 1983 1952 sequente
2021 1896 2080 1938 ita
2120 1894 2334 1949 iungenda

105 1981 225 2021 esse,
257 1972 308 2013 ut
337 1969 402 2015 αἱς
433 1959 508 2025 δὴ
530 1980 687 2026 quum
730 1971 946 2014 scilicet
984 1972 1221 2024 significare
1251 1974 1379 2026 atque
1413 1972 1736 2015 enuntiati-tum
1761 1969 2063 2025 subsequentis
2091 1970 2182 2010 tum
2212 1979 2335 2022 prae-

106 2042 304 2087 cedentis
321 2042 537 2096 rationem,
565 2042 643 2087 sed
662 2055 753 2087 eam
775 2044 975 2087 ironicam
993 2056 1077 2087 non
1095 2055 1247 2096 veram,
1266 2044 1476 2089 subiicere
1499 2044 1576 2087 tibi
1598 2043 1872 2099 persuadeas,
1915 2041 2143 2085 Videamus
2164 2040 2257 2092 iam,
2276 2052 2329 2083 an

107 2115 216 2161 haec
230 2116 360 2160 huius
379 2117 606 2161 locutionis
623 2116 845 2172 explicatio
867 2117 1045 2171 singulis
1063 2117 1167 2161 locis
1191 2118 1426 2162 confirmari
1445 2128 1573 2173 posse
1602 2116 1806 2162 videatur.
1869 2116 1923 2160 >Et
1941 2114 2058 2170 apud
2072 2113 2331 2169 Aeschylum

106 2188 281 2245 quidem
313 2189 550 2244 Aegisthus
581 2200 707 2235 senes
738 2189 793 2234 ob
824 2190 1066 2245 superbiam
1098 2189 1397 2244 obiurgaverat
1428 2200 1588 2246 eosque
1615 2201 1712 2234 mox
1736 2189 2049 2235 obedientiores
2082 2189 2177 2231 fore
2207 2187 2334 2230 adfir-

107 2266 315 2307 maverat:
355 2275 394 2305 v.
430 2262 545 2305 1601
579 2261 829 2321 κρατηθεὶς
861 2260 903 2304 δ’
930 2260 1224 2319 ἡμερώτερος
1265 2265 1408 2316 φανεῖ.
1473 2263 1634 2315 Quodsi
1666 2275 1790 2306 senes
1819 2263 1929 2306 hanc
1952 2262 2147 2315 Aegisthi
2177 2262 2332 2303 oratio-

108 2348 209 2380 nem
237 2337 381 2380 verbis
408 2336 473 2381 ὥς
502 2333 560 2391 δὴ
594 2337 809 2390 excipiunt
842 2339 885 2380 et
915 2338 1038 2391 quasi
1070 2338 1334 2388 continuant,
1363 2337 1464 2379 nihil
1495 2338 1612 2380 aliud
1643 2337 1791 2380 dicunt
1819 2349 1948 2392 quam
1977 2336 2078 2378 hoc:
2120 2334 2253 2378 Recte
2281 2338 2331 2377 tu

107 2408 283 2465 quidem
332 2420 412 2453 nos
461 2409 774 2454 obedientiores
823 2410 917 2453 fore
964 2411 1110 2463 putas,
1162 2410 1288 2464 quia
1335 2411 1391 2452 tu
1441 2409 1657 2454 scilicet
1699 2421 1791 2454 rex
1837 2408 2158 2463 Argivorum
2208 2407 2329 2452 eriS.

109 2482 366 2527 simulantes
404 2482 536 2537 igitur
589 2493 637 2527 se
676 2480 788 2526 dicta
829 2481 1024 2536 Aegisthi
1070 2482 1346 2538 comprobare
1387 2482 1497 2527 velle
1548 2482 1707 2528 ironica
1757 2482 1939 2539 quadam
1987 2481 2149 2526 ratione
2202 2480 2331 2524 allata

108 2555 395 2610 redarguunt:
436 2567 654 2612 nunquam
682 2555 793 2599 enim
824 2554 1074 2610 Aegisthum
1106 2567 1240 2610 regno
1271 2556 1502 2611 potiturum
1532 2568 1629 2600 esse
1660 2559 1822 2612 putant.
1881 2556 2029 2611 Neque
2055 2555 2193 2598 minus
2226 2553 2333 2597 haec

108 2628 348 2683 explicandi
378 2629 485 2672 ratio
514 2629 558 2671 in
587 2628 697 2672 duos
725 2628 966 2672 Platonicos
1005 2628 1101 2672 illos
1144 2629 1262 2672 locos
1299 2629 1491 2683 quadrat.
1553 2629 1654 2684 Pag.
1688 2631 1777 2673 499
1813 2629 1922 2673 0111111
1961 2629 2022 2672 sic
2058 2627 2332 2680 intelligenda

110 2704 197 2745 est:
259 2700 424 2755 Arripis
456 2701 520 2753 id,
550 2700 667 2756 quod
684 2701 762 2745 tibi
783 2701 1050 2753 conceditur,
1083 2701 1206 2755 quia
1238 2701 1454 2745 scilicet
1485 2702 1682 2755 credis,
1728 2714 1795 2746 me
1828 2704 1903 2745 aut
1934 2701 2171 2757 quempiam
2204 2700 2333 2743 alium

108 2783 197 2819 non
226 2772 471 2819 discernere
511 2774 623 2819 inter
650 2774 903 2829 voluptates.
962 2772 1106 2829 Atque
1144 2774 1267 2818 simili
1303 2774 1427 2819 modo
1466 2788 1561 2829 pag.
1601 2774 1690 2818 469
1714 2774 1850 2818 -Polus
1882 2774 1946 2828 id,
1986 2773 2103 2830 quod
2134 2774 2334 2817 Socrates

112 2846 289 2904 auant,
319 2849 521 2905 potentes
537 2858 625 2893 non
654 2858 822 2904 semper
837 2847 883 2891 id
899 2858 1028 2903 agere
1062 2846 1179 2903 quod
1209 2847 1336 2893 velint
1368 2848 1615 2894 confirmare
1641 2859 1693 2892 se
1729 2847 1925 2892 simulat„
1971 2847 2120 2903 Itaque
2145 2846 2189 2890 id
2214 2845 2334 2901 quod
