2502 3116
1086 52 1431 133 -'11—‘

127 213 390 270 Antiphonte
430 214 514 259 dici
549 213 738 269 potuerit
779 212 955 258 difficile
992 214 1060 258 est
1093 212 1150 257 ad
1187 211 1518 267 intelligendum.
1579 212 1650 257 An
1689 213 1771 258 hoc
1811 213 1888 257 tibi
1928 213 2132 258 sufficere
2172 212 2351 268 videtur,

127 288 244 345 quod
285 287 500 343 Antiphon
539 288 656 331 tanta
700 286 954 331 excelluisse
1000 285 1088 331 oris
1136 287 1345 331 suavitate
1391 286 1593 340 traditur,
1648 289 1699 330 ut
1737 286 2090 342 quemadmodum
2138 286 2350 332 Adrastus

81 417 84 420 Ι
128 361 375 421 μελίγηρυς
390 375 393 376 ’
408 361 470 405 sic
498 360 572 404 ille
601 361 776 415 propter
804 359 986 415 μέλιτος
1015 358 1230 416 γλυκῑονα
1262 355 1411 416 αὐδὴν
1438 360 1593 405 Nestor
1619 359 1934 415 appellaretur³

153 445 155 448 ’
293 433 492 480 phaedr.
534 432 626 477 262
665 432 710 477 C.
756 430 913 487 βούλει
953 428 1037 476 οὖν
1067 457 1130 465 -
1154 431 1269 476 ἰδεῖν
1304 446 1349 474 τι
1399 427 1467 476 ὥν
1513 447 1669 489 φαμεν
1708 427 1900 487 ἄτεχνόν
1935 446 1984 474 τε
2030 433 2110 475 καὶ
2143 430 2351 489 ἔντεχνον

129 504 254 550 εἶναι.
318 508 390 552 Sic
421 505 590 551 codices
622 505 679 549 ad
709 516 842 551 unum
872 518 1029 551 omnes.
1105 505 1240 559 Quam
1269 505 1492 549 lectionem
1524 518 1655 563 quum
1686 505 1906 549 ferendam
1932 517 2016 550 non
2048 519 2144 551 esse
2175 508 2349 562 videret,

127 579 397 625 Heindorfius
438 575 645 633 ἀτέχνων
691 591 740 619 τε
787 579 865 619 καὶ
905 578 1128 633 ἐντέχνων
1168 580 1352 622 correxit
1390 590 1572 633 eumque
1616 582 1660 622 et
1712 577 1963 622 Turicenses
2004 581 2047 622 et
2085 580 2350 625 Hermannus

129 653 267 697 secuti
293 654 405 695 sunt.
466 651 554 695 Sed
575 651 658 695 hoc
684 652 720 695 si
742 652 981 706 scripseris,
1010 652 1196 696 nondum
1222 663 1274 695 ea
1298 662 1426 706 quam
1449 651 1660 705 poscimus
1686 650 1895 695 sententia
1916 651 2060 695 oritur.
2122 651 2214 697 Non
2240 653 2351 699 enim

129 724 340 781 aliquid
370 736 518 768 eorum
547 724 837 779 quaerendum
854 727 938 777 est,
971 737 1081 780 quae
1103 725 1329 769 artificiose
1352 724 1421 768 vel
1442 723 1531 768 sine
1551 727 1651 769 arte·
1671 723 1784 769 dicta
1801 726 1917 777 sunt,
1950 723 2028 768 sed
2058 725 2161 780 quid
2183 727 2349 772 omnino

126 797 238 843 bene
246 796 315 842 vel
333 796 471 842 minus
487 795 598 842 bene
616 795 773 842 dictum
790 797 846 841 sit
865 796 1173 842 enucleandum
1188 797 1367 841 videtur.
1397 795 1544 852 Itaque
1562 797 1658 841 vide
1676 808 1731 841 an
1750 797 1813 840 sic
1827 796 1950 839 locus
1968 797 2023 840 sit
2038 799 2345 844 restituendus:

127 866 285 924 βούλει
314 864 397 911 οὖν
415 866 609 910 -ῑδεῒν
631 870 680 909 τί
695 882 849 924 φαμεν
875 867 1065 930 &tepor
1087 882 1136 909 τε
1158 869 1232 910 καὶ
1264 867 1470 922 ἔντεχνον
1498 867 1629 912 etum:
1660 871 1813 912 visne
1841 870 2114 913 videamus
2145 873 2195 915 in
2228 885 2347 917 ora-

128 944 281 987 tione
299 942 492 997 Lysiae
509 941 629 985 etin
654 942 880 993 nostris,
910 941 1040 996 quid
1066 942 1369 985 artificiose
1396 943 1447 985 et
1471 941 1596 996 quid
1621 941 1737 985 sine
1762 943 1878 985 arte
1900 941 2099 986 dictum
2122 955 2244 988 esse
2264 946 2347 989 iu-

129 1016 399 1061 dicemus?
434 1015 505 1058 Sic
519 1014 648 1070 paulo
664 1014 776 1058 infra
790 1027 887 1070 pag.
905 1013 995 1058 262
1012 1013 1057 1058 Ε.
1078 1014 1128 1056 τί
1139 1010 1196 1070 δὴ
1216 1007 1299 1057 οὖν
1316 1007 1450 1060 οὗτος
1465 1012 1717 1073 ἁμαρτάνει
1731 1013 1810 1057 καὶ
1825 1008 2014 1068 ἄτεχνον
2027 1017 2145 1058 ποιεῖ
2154 1016 2343 1062 λεκτέον.

311 1087 491 1133 Phaedr.
536 1087 627 1132 267
666 1087 713 1133 Β.
749 1087 983 1146 εὑρηκέναι
1021 1084 1105 1144 ἔφη
1146 1081 1215 1130 ὥν
1249 1085 1321 1130 δεῖ
1352 1084 1505 1144 λόγων
1541 1088 1716 1144 τέχνην.
1789 1087 1907 1132 Hanc
1941 1088 2180 1144 lectionem,
2217 1104 2345 1148 quam

128 1173 274 1207 omnes
313 1162 408 1206 fere
447 1160 616 1206 codices
653 1163 847 1215 tuentur,
888 1161 1072 1205 retinere
1113 1160 1309 1217 equidem
1347 1172 1433 1206 non
1466 1161 1625 1207 dubito.
1688 1160 1850 1214 Quodsi
1876 1162 1973 1217 quis
2005 1162 2219 1209 duriorem
2247 1178 2347 1210 con-

128 1234 402 1280 structionem
432 1244 617 1291 querens
653 1236 816 1279 mutare
847 1234 967 1288 velit,
995 1234 1170 1278 mutatio
1199 1235 1331 1278 multo
1364 1234 1647 1289 Stephaniana
1676 1234 1843 1277 facilior
1884 1246 1932 1278 se
1970 1235 2182 1280 obtulerit.
2243 1240 2346 1293 Legi

126 1307 238 1353 enim
264 1309 413 1363 posset
432 1308 566 1364 τέχνη
627 1307 756 1363 idque
786 1318 883 1351 cum
912 1308 1257 1362 interpretatione
1272 1308 1399 1351 Ficini
1419 1308 1660 1351 conveniret
1682 1308 1744 1352 sic
1762 1308 2095 1363 interpretantis:
2126 1310 2347 1359 ‘invenisse

125 1381 329 1434 asseruit,
359 1380 516 1436 quibus
544 1380 685 1424 verbis
715 1380 789 1423 illa
818 1392 888 1423 ars
918 1377 1129 1433 indigeat?
1193 1379 1279 1424 Sed
1309 1382 1359 1423 ut
1385 1380 1468 1423 iam
1497 1379 1582 1423 dixi
1611 1380 1841 1425 mutatione
1873 1392 1956 1424 non
1987 1393 2095 1435 opus
2128 1387 2204 1428 est.

310 1453 471 1497 Menex.
511 1452 601 1496 239
644 1451 692 1496 D.
732 1449 803 1493 δεῖ
848 1449 904 1507 δὴ
943 1448 1086 1507 αὐτὴν
1126 1450 1251 1494 ἰδεῖν.
1322 1452 1574 1496 Coniectura
1614 1453 1880 1496 Stallbaumii
1912 1452 2047 1496 εἰπεῖν
2077 1456 2345 1503 scribendum

129 1538 227 1572 esse
256 1525 509 1583 suspicantis
540 1524 668 1570 facile
697 1536 912 1578 caremm,
945 1525 1007 1569 sic
1036 1524 1130 1569 loco
1159 1525 1344 1570 reddito:
1372 1536 1550 1568 necesse
1582 1528 1649 1568 est
1680 1526 1975 1580 contempleris
1994 1528 2202 1574 virtutem.
2235 1529 2348 1573 ἰδεῖν

125 1601 236 1645 enim
267 1600 322 1644 de
352 1600 406 1643 iis
434 1599 586 1652 rebus,
616 1610 728 1654 quae
758 1610 843 1641 non
875 1598 1012 1640 oculis
1041 1598 1120 1640 sed
1152 1601 1292 1641 mente
1323 1601 1575 1649 cernuntur,
1603 1602 1689 1642 tam
1717 1611 1847 1653 saepe
1876 1599 2049 1653 dicitur,
2079 1606 2127 1645 ut
2155 1607 2345 1659 exempla

126 1676 282 1716 afferre
314 1683 398 1715 non
430 1672 618 1715 attineat.

309 1745 469 1790 Menex.
521 1744 612 1789 243
657 1742 710 1789 A.
763 1735 832 1786 ὥν
869 1742 912 1787 ol
950 1740 1117 1803 ἐχθροὶ
1158 1742 1235 1787 καὶ
1276 1738 1731 1801 προς-πολεμήσαντες
1778 1742 1916 1786 πλείω
1958 1741 2141 1790 ἔπαινον
2190 1746 2342 1806 ἔχουσι

130 1815 436 1877 σωφροσύνης
475 1815 552 1861 καὶ
592 1813 753 1874 ἀρετῆς
794 1810 825 1873 ἢ
864 1817 963 1859 ταῖν
1002 1812 1155 1860 ἄλλων
1205 1818 1248 1859 οὶ
1288 1817 1421 1871 φίλοι.
1512 1817 1634 1860 Adeo
1684 1817 1986 1862 Stallbaumius
2030 1821 2084 1864 de
2127 1823 2207 1866 hoc
2249 1826 2344 1868 loco

126 1892 437 1946 desperaverat,
460 1894 509 1933 ut
536 1892 671 1933 totum
702 1890 783 1932 hoc
814 1901 974 1933 comma
996 1894 1196 1945 tanquam
1228 1892 1391 1934 alienae
1421 1902 1569 1932 manus
1601 1890 1930 1934 additamentum
1950 1894 2229 1940 abiiciendum
2247 1911 2345 1944 esse

127 1967 332 2008 censeret.
403 1963 575 2016 Iniuria,
618 1965 668 2006 ut
697 1962 796 2006 mihi
826 1961 997 2017 quidem
1027 1962 1207 2007 videtur.
1278 1962 1372 2008 Non
1402 1961 1664 2008 abiiciendus
1695 1965 1761 2008 est
1791 1962 1930 2019 locuS,
1968 1965 2051 2011 imo
2082 1979 2181 2013 vero
2212 1971 2345 2016 sanis·

127 2037 279 2092 simus3
321 2036 399 2081 sed
434 2048 536 2080 una·
556 2033 713 2079 locutio
751 2034 880 2088 paulo
917 2034 1164 2081 insolentior
1197 2035 1252 2080 ab
1285 2046 1456 2091 usuque
1487 2036 1686 2080 remotior
1716 2038 1948 2082 sententiae
1983 2042 2229 2098 ceteroquin
2259 2045 2347 2089 cla..

124 2110 314 2154 rissimae
348 2113 392 2154 et
423 2110 662 2165 aptissimae
690 2107 988 2151 obscuritatem
1018 2111 1061 2151 et
1090 2109 1289 2152 tenebras
1326 2108 1515 2151 obduxit.
1599 2108 1689 2151 Hoc
1724 2109 1833 2153 enim
1864 2115 2083 2156 oratorem*
2104 2115 2214 2160 velle
2258 2119 2345 2161 exi-

126 2184 266 2226 stimo:
328 2183 525 2227 Infelices
564 2183 684 2225 erant
721 2179 1019 2224 Athenienses:
1062 2181 1139 2225 sed
1178 2182 1328 2225 horum
1370 2181 1603 2225 constantia
1647 2184 1690 2224 et
1719 2181 1854 2225 virtus
1896 2182 1951 2227 ab
1984 2183 2179 2232 hostibus
2209 2191 2346 2246 magis

124 2255 322 2300 laudatae
351 2258 452 2298 sunt
481 2267 608 2311 quam
635 2255 810 2299 aliorum
837 2254 891 2297 ab
920 2253 1074 2297 amicis.
1137 2253 1283 2305 Vides,
1324 2266 1392 2296 me
1429 2251 1611 2294 ἔπαινον
1639 2250 1776 2308 ἔχειν,
1815 2255 1934 2309 quod
1959 2257 2074 2301 solet
2103 2261 2344 2314 significare

128 2328 341 2373 laudem
372 2328 596 2380 habere,
629 2327 793 2371 laudari
821 2324 907 2384 (sic
938 2327 1078 2381 Symp.
1116 2326 1201 2369 177
1234 2326 1280 2370 B.
1314 2325 1482 2381 ἐνῆσαν
1508 2320 1610 2372 ἅλες
1639 2323 1823 2369 ἔπαινον
1840 2325 2113 2384 θαυμάσιον
2131 2330 2343 2396 ἔχοντες),

124 2403 207 2445 hoc
234 2401 328 2444 loco
357 2401 574 2444 transitive
604 2400 762 2444 dictum
782 2399 978 2452 credere,
1010 2402 1059 2443 ut
1086 2400 1180 2443 fere
1205 2398 1317 2443 idem
1348 2399 1400 2443 sit
1432 2410 1483 2442 ac
1513 2398 1756 2445 laudare.
1820 2400 1952 2445 Cuius
1982 2414 2089 2447 usus
2106 2409 2346 2463 exemplum

125 2473 316 2530 quamvis
344 2484 429 2517 non
455 2473 634 2517 habeam
667 2474 711 2517 in
739 2474 955 2528 promptu,
999 2474 1140 2516 tamen
1174 2473 1396 2528 utramque
1437 2471 1782 2526 significationem
1818 2473 1971 2519 cadere
1998 2476 2042 2520 in
2086 2477 2196 2524 hanc
2227 2481 2346 2527 locu-

125 2547 282 2592 tionem
300 2547 450 2601 sponte
471 2548 600 2601 patet.
661 2546 809 2603 Neque
837 2545 1021 2591 alienum
1043 2543 1175 2589 fuerit
1201 2556 1228 2588 a
1253 2555 1301 2588 re
1335 2544 1444 2588 duos
1465 2544 1686 2598 Sophoclis
1718 2545 1837 2589 locos
1867 2548 2062 2594 attulisse
2093 2551 2200 2597 Phil.
2229 2556 2345 2599 1308

127 2620 266 2664 Herm.
304 2615 433 2661 κούκΔ
459 2615 561 2660 ἔσθ’
595 2612 704 2662 ὅτου
739 2616 879 2677 ὀργὴν
908 2616 1025 2673 ἔχοις
1059 2613 1115 2659 ἂν
1145 2616 1254 2659 οὐδὲ
1286 2620 1468 2673 μέμψιν
1500 2617 1563 2662 εἰς
1594 2616 1688 2672 ἐμέ.
1767 2618 1835 2662 Ai.
1878 2620 1965 2663 180
1993 2623 2196 2678 μομφὰν
2227 2625 2346 2682 ἔχων

129 2694 270 2743 ξυνοῦ
298 2690 445 2749 δορός.
508 2692 667 2737 Eodem
700 2693 795 2737 iure
833 2703 920 2748 quo
959 2692 1140 2748 μέμψιν
1174 2703 1253 2735 seu
1282 2688 1482 2746 μομφὰν
1520 2688 1632 2746 ἔχειν
1663 2688 1785 2737 τινὰς
1816 2691 1983 2738 dicatur
2010 2697 2136 2742 etiam
2165 2696 2348 2744 gamm„

126 2763 240 2818 ἔχειν
278 2762 398 2811 τινὸς
436 2765 573 2810 active
605 2766 688 2810 dici
714 2777 848 2821 posse
875 2765 946 2809 vix
986 2765 1068 2809 erit
1104 2765 1178 2820 qui
1214 2765 1442 2819 negaverit.
1520 2764 1737 2809 Sententia
1767 2767 1910 2810 autem
1949 2769 2092 2815 existit
2123 2774 2349 2828 aptissima.

129 2837 241 2891 Quid
267 2838 404 2882 enim?
469 2838 515 2882 Si
543 2839 665 2883 cuius
697 2839 895 2883 virtutem
926 2838 1049 2883 etiam
1082 2837 1136 2881 ab
1165 2837 1339 2882 inimicis
1370 2838 1542 2892 agnosci
1576 2837 1796 2891 confirmo,
1831 2839 1933 2884 satis
1960 2853 2112 2897 magna
2141 2846 2237 2892 laus
2268 2853 2352 2894 est2

1603 2906 1672 2953 2*
