2502 3116
1064 91 1343 136 ...v-2.

96 211 157 258 τὰ
182 212 308 270 σοφὰ
336 227 455 273 seqq.
517 214 654 269 Quam
683 215 1014 263 emendationem
1041 215 1194 262 deinde
1226 216 1292 261 his
1318 217 1463 263 verbis
1495 217 1735 274 explicavit:
1761 217 2049 274 'Reprehenso
2082 228 2108 262 a
2136 215 2312 262 socrate

97 289 412 346 Dionysodoro,
441 289 517 346 qui
544 288 687 334 refelli
716 301 764 335 se
796 290 989 345 iusserit,
1019 301 1299 348 quum‘nemo
1315 292 1481 337 omnino
1511 292 1623 337 falsa
1653 292 1795 338 dicere
1826 292 1978 348 possit,
2012 289 2313 346 Euthydemus,

95 364 145 407 ut
172 364 293 408 fratri
319 362 528 407 laboranti
558 365 797 415 succurrat,
839 364 981 408 refelli
1019 363 1168 419 utique
1204 375 1332 418 posse
1373 368 1501 420 negat
1538 365 1705 422 iamque
1734 366 1825 420 ipse
1859 377 1885 408 a
1918 366 2094 408 Socrate
2125 365 2315 418 rogatus,

95 449 233 481 annon
261 437 306 481 id
336 438 477 491 ipsum
515 434 639 479 modo
679 436 996 491 Dionysodorus
1031 438 1222 490 iusserit,
1263 441 1435 481 assueta
1475 439 1756 492 sophistarum
1796 438 2073 492 impudentia:
2112 436 2158 480 id
2198 435 2317 492 quod

94 521 179 553 non
210 512 295 561 est,
326 508 481 562 inquit,
521 508 732 563 quomodo
762 510 859 563 quis
889 509 1068 553 iubeat?
1106 522 1160 553 an
1187 512 1237 553 tu
1266 510 1419 554 iubes?
1481 512 1559 554 Cui
1588 512 1803 554 Socrates:
1846 522 1996 564 nempe
2023 509 2172 562 iubeo,
2214 508 2316 564 quia

94 581 283 637 argutias
322 582 488 625 vestras
523 591 608 626 non
640 580 856 637 intelligo,
903 581 980 627 sed
1017 581 1315 638 interrogando
1356 583 1499 628 doceri
1532 596 1558 629 a
1589 583 1709 628 vobis
1749 580 1900 639 cupio.’·
1970 582 2097 627 Vides
2138 579 2315 627 eandem

94 655 389 699 difficultatem
415 664 654 707 remanere,
696 665 808 710 quae
835 654 879 697 in
909 655 1129 710 Bipontina
1161 657 1506 711 interpretatione
1538 657 1808 712 displicebat:
1845 657 1939 700 fieri
1969 666 2097 710 posse
2129 654 2315 708 negaba-

98 741 210 777 mus,
254 730 304 769 ut
333 726 621 780 Euthydemus
657 728 907 771 infitiaretur
945 728 1282 781 Dionysodorum
1321 730 1581 783 postulasse,
1630 733 1680 772 ut
1724 732 1997 773 refutaretur.
2061 728 2193 782 Atqui
2234 727 2317 769 hoc

93 798 212 857 quod
237 799 385 854 negari
415 799 563 855 nequit
592 801 786 854 negaret,
815 800 851 844 si
876 799 1112 845 Hermanno
1143 803 1318 846 auctore
1343 801 1449 846 haec
1482 802 1614 847 verba
1649 799 1706 844 Τὸ
1736 799 1823 859 γὰρ
1851 826 1913 833 -
1938 798 2128 846 κελεύεις
2157 798 2313 853 Euthy-

94 873 217 918 demo
247 871 545 917 tribueremus.
608 871 694 917 Sed
726 873 934 917 accedunt
960 873 1017 917 ad
1047 884 1138 918 eam
1169 874 1487 928 difficultatem,
1529 886 1641 932 quae
1668 875 2000 919 Hermannianae
2035 871 2313 918 emendationi

95 958 192 990 cum
222 945 445 1001 Bipontina
471 947 816 1001 interpretatione
848 948 892 990 et
922 946 958 989 si
988 948 1159 1002 quaeris
1192 948 1316 991 etiam
1348 958 1444 991 cum
1472 948 1652 1003 Vulgata
1682 950 1911 992 communis
1940 951 2032 1001 est,
2068 947 2180 990 duae
2212 945 2314 988 huie

94 1020 320 1064 Hermanni
359 1020 530 1063 lectioni
567 1020 774 1074 propriae.
837 1020 1021 1063 Primum
1065 1021 1174 1064 enim
1211 1021 1424 1075 displicet,
1462 1023 1577 1077 quod
1614 1034 1825 1077 nusquam
1866 1021 2075 1065 vocabulo
2118 1017 2203 1074 ἔφη
2244 1018 2314 1061 vel

96 1094 218 1139 simili
262 1093 394 1138 verbo
430 1093 658 1138 indicatum
697 1096 784 1147 est,
820 1094 894 1137 illa
930 1093 1062 1138 verba
1097 1090 1150 1135 τό
1190 1091 1276 1152 γὰρ
1313 1117 1368 1126 -
1413 1091 1601 1141 κελεύεις
1644 1094 1906 1150 Euthydemo
1941 1093 2167 1138 tribuenda
2204 1103 2313 1137 esse.

95 1166 256 1210 Deinde
284 1169 426 1210 autem
451 1178 591 1222 neque
630 1167 701 1210 illa
731 1167 925 1222 quaestio
957 1163 1014 1208 σύ
1050 1164 1100 1208 δὲ
1128 1165 1347 1219 neelfiam„-
1387 1179 1529 1223 neque
1559 1168 1603 1211 id
1635 1168 1751 1224 quod
1780 1167 2065 1223 respondetur
2102 1165 2314 1221 quadrare

94 1240 279 1292 videtur,
319 1252 451 1294 quum
485 1241 681 1283 Socrates
712 1251 921 1295 nusquam
951 1251 999 1285 se
1028 1239 1170 1284 refelli
1201 1240 1366 1293 iubeat,
1408 1241 1486 1286 sed
1512 1241 1593 1285 hoc
1625 1242 1781 1294 solum,
1820 1241 1865 1285 id
1892 1240 2010 1296 quod
2049 1240 2313 1284 Hermannus

93 1315 185 1369 ipse
217 1313 449 1357 rectissime
482 1312 789 1364 animadvertit,
828 1324 957 1367 agere
986 1324 1034 1357 se
1068 1313 1254 1366 simulet,
1282 1315 1331 1356 ut
1361 1313 1659 1369 interrogando
1692 1314 1747 1357 ab
1779 1314 1860 1357 illis
1893 1314 2109 1357 doceatur.
2174 1310 2311 1364 Quum

92 1387 221 1441 igitur
249 1398 304 1430 ne
333 1387 377 1429 in
396 1385 619 1429 Hermanni
649 1385 819 1440 quidem
851 1385 1141 1430 emendatione
1171 1387 1445 1442 acquiescere
1476 1399 1604 1442 posse
1633 1387 1732 1430 mihi
1762 1386 1927 1439 videar,
1959 1386 2069 1430 hanc
2099 1385 2180 1428 loci
2213 1395 2312 1427 con-

92 1460 353 1503 stitutionem
391 1468 629 1512 proponere
667 1457 822 1500 ausim:
862 1455 970 1500 οὐδ’
1016 1454 1108 1516 ἄρα
1151 1457 1370 1513 ἐκέλευεν,
1414 1456 1527 1515 ἔφην
1565 1457 1681 1514 ἐγώ,
1729 1460 1813 1501 νῦν
1853 1456 1911 1514 δή
1954 1455 2311 1513 Διονυσόδωρος

92 1531 327 1587 ἐξελέγξαι·
357 1527 412 1571 τὸ
443 1526 529 1589 γὰρ
559 1526 626 1586 μὴ
660 1524 713 1572 ὂν
740 1531 841 1575 παῖς
873 1525 929 1572 ἄν
959 1544 1025 1576 τις
1054 1528 1260 1573 κελεύσαι
1268 1546 1289 1584 ,-
1313 1524 1377 1573 Ὦ
1399 1528 1656 1588 Εὐθύδημε
1666 1563 1680 1587 ,
1713 1525 1768 1588 ἦν
1800 1528 1847 1573 δ’
1879 1528 1988 1587 ἐγώ,
2019 1528 2079 1572 τὰ
2109 1527 2234 1583 σοφὰ
2266 1533 2310 1573 et

91 1617 204 1662 quae
242 1606 493 1661 sequuntur.
569 1604 684 1648 Haec
721 1604 847 1648 lectio
887 1604 1015 1648 mixta
1064 1607 1130 1648 est
1170 1616 1222 1648 ex
1258 1606 1482 1649 Hermanni
1529 1607 1772 1650 coniectura
1821 1604 2017 1647 ἐκέλευεν
2053 1601 2166 1658 ἔφην
2207 1603 2309 1646 scri·

91 1680 232 1726 bentis
262 1691 342 1735 -pro
373 1676 574 1720 ἐκέλευον
605 1673 690 1734 ἔφη
724 1679 767 1722 et
792 1689 845 1722 ex
869 1676 1062 1732 Vulgata.
1126 1678 1416 1723 consideranti
1444 1682 1586 1724 autem
1623 1679 1723 1723 mihi
1760 1678 1864 1734 quid
1893 1678 1948 1722 sit
1979 1676 2096 1733 quod
2127 1676 2195 1720 hic
2227 1676 2311 1719 dici

89 1755 286 1809 oporteat
321 1764 406 1795 non
448 1752 585 1795 solum
609 1752 844 1805 posteriora
873 1751 1021 1803 verba,
1054 1751 1130 1794 sed
1163 1752 1287 1794 etiam
1316 1752 1423 1796 illud
1453 1753 1593 1806 ipsum
1625 1753 1906 1804 enuntiatum,
1931 1751 2055 1806 'quod
2085 1750 2310 1794 Hermanni

92 1827 286 1872 acumine
319 1824 585 1869 emendatum
617 1825 700 1876 est,
742 1824 866 1868 aliter
897 1826 1026 1879 atque
1059 1824 1131 1867 ille
1165 1825 1267 1867 fecit
1297 1825 1465 1869 videtur
1496 1837 1592 1869 esse
1624 1824 1927 1879 explicandum.
2007 1822 2118 1876 Quid
2147 1823 2309 1866 multa?

90 1901 179 1955 Ego
212 1898 385 1956 quidem
414 1899 545 1942 totam
574 1897 683 1942 hanc
711 1897 941 1941 orationem
969 1897 1132 1941 Socrati
1163 1897 1304 1942 tribuo
1345 1898 1525 1954 eiusque
1556 1897 1665 1942 hanc
1695 1909 1790 1942 esse
1823 1897 2071 1942 sententiam
2106 1895 2306 1940 arbitror:

92 1974 272 2032 primum
313 1971 574 2018 enuntiatum
620 1968 730 2014 οὐδ’
768 1965 860 2030 ἄρα
882 1993 945 2001 -
962 1969 1186 2026 ἐξελέγξαι
1215 1982 1300 2015 11011
1333 1973 1399 2016 est
1437 1971 1756 2026 interrogantis,
1804 1970 1881 2015 sed
1915 1970 2172 2026 lepidissima
2216 1974 2312 2013 cum

92 2049 226 2092 ironia
265 2048 349 2090 hoc
381 2047 480 2089 dicit
520 2047 737 2088 Socrates:
801 2045 962 2097 Quodsi
1003 2045 1146 2088 refelli
1185 2046 1336 2099 utique
1374 2057 1457 2087 non
1486 2057 1616 2099 posse
1649 2045 1866 2097 concedis,
1908 2046 1998 2088 sine
2030 2045 2161 2087 dubio
2202 2044 2310 2087 male

91 2121 353 2172 audiveram,
404 2130 536 2174 quum
583 2117 919 2172 Dionysodorum
962 2117 1262 2161 refutationem
1301 2118 1521 2172 postulare
1559 2118 1789 2161 crederem.
1869 2118 1968 2161 Sine
2006 2116 2136 2160 dubio
2174 2117 2311 2171 inquit

92 2204 351 2238 erraveram:
400 2192 497 2247 quis
544 2190 652 2234 enim
702 2190 1000 2245 postulaverit,
1056 2200 1168 2245 quae
1215 2190 1318 2233 fieri*
1358 2191 1451 2244 ipse
1493 2192 1654 2234 fatetur
1698 2201 1782 2233 non
1819 2191 1977 2244 posse?
2047 2189 2206 2233 Deinde
2243 2189 2309 2232 his

89 2264 279 2321 argutiis,
306 2275 414 2320 quas
444 2274 530 2307 non
567 2261 794 2317 intelligat,
826 2262 991 2306 omissis
1016 2259 1358 2320 φορτικώτερόν
1385 2277 1429 2303 τι
1461 2274 1514 2306 ex
1544 2263 1628 2306 illis
1660 2274 1707 2306 se
1736 2273 1946 2318 quaerere
1974 2262 2084 2306 velle
2112 2261 2306 2306 ostendit.

89 2338 156 2383 Ac
183 2349 237 2381 ne
268 2337 365 2393 quis
392 2337 437 2381 in
464 2336 603 2380 media
633 2335 821 2380 eiusdem
848 2346 1055 2390 personae
1075 2335 1264 2378 oratione
1292 2329 1349 2390 ἧν
1376 2333 1511 2390 δ’ἐγαὶ
1542 2336 1727 2390 positum
1755 2336 1949 2379 miretur:
1981 2335 2025 2378 id
2056 2347 2183 2389 saepe
2214 2335 2308 2377 fleri

88 2413 419 2457 consentaneum
449 2412 533 2462 est,
572 2410 820 2464 praesertim
850 2408 926 2451 ubi
971 2408 1105 2452 oratio
1144 2408 1287 2451 subito
1320 2408 1376 2451 ad
1411 2412 1569 2452 certam
1609 2421 1833 2464 personam
1864 2408 2130 2452 convertitur.
2212 2406 2308 2460 Qun

88 2485 143 2529 de
171 2496 220 2528 re
253 2484 450 2527 conferre
481 2483 639 2538 poteris
671 2482 799 2536 paulo
830 2483 943 2525 infra
970 2493 1065 2536 pag.
1100 2481 1190 2524 288
1220 2480 1271 2525 Α.
1302 2480 1393 2524 290
1426 2482 1474 2526 D.
1506 2482 1668 2535 304ss.

275 2557 437 2600 Menon.
448 2555 507 2599 78
527 2554 580 2599 A.
590 2556 637 2596 τί
652 2552 738 2611 γὰρ
759 2549 867 2597 ἄλλο
888 2554 1010 2597 ἐστὶν
1027 2549 1192 2596 ἄθλιον
1209 2550 1323 2596 εἶναι
1339 2548 1369 2610 ἢ
1387 2553 1631 2610 ἐπιθυμεῖν
1647 2569 1695 2597 τε
1711 2555 1809 2597 ταῖν
1824 2554 1980 2596 κακῶν
1995 2552 2071 2595 καὶ
2084 2551 2308 2606 acreio-90:15

90 2632 287 2675 Socrates
314 2629 585 2683 expositurus
611 2630 817 2674 neminem
841 2630 951 2674 mala
976 2630 1190 2684 appetere,
1218 2629 1319 2684 quia
1344 2629 1453 2673 mala
1477 2628 1666 2673 homines
1691 2629 1866 2673 miseros
1893 2627 2070 2671 reddant
2097 2638 2309 2683 nemoque

86 2703 297 2749 miseriam
316 2703 598 2758 concupiscat,
619 2704 750 2748 totam
768 2701 877 2747 hanc
895 2702 1185 2760 quaestionem
1206 2711 1258 2747 eo
1285 2701 1519 2756 enuntiato,
1537 2701 1652 2759 quod
1672 2701 1794 2746 modo
1819 2701 2031 2756 exscripsi,
2054 2700 2178 2757 quasi
2196 2711 2310 2745 com·

90 2778 302 2832 plectitur.
367 2777 585 2820 Sententia
611 2777 740 2819 huius
777 2777 980 2820 enuntiati
1007 2777 1114 2820 haec
1145 2778 1230 2819 est:
1294 2775 1420 2827 Quid·
1436 2776 1545 2818 enim
1574 2775 1691 2817 aliud
1723 2777 1789 2818 est
1818 2775 2016 2817 miserum
2046 2785 2143 2817 esse
2180 2785 2310 2829 quam

86 2850 198 2893 mala
224 2851 428 2904 appetere
468 2851 512 2892 et
540 2849 621 2892 sibi
652 2850 833 2904 parare?
897 2850 983 2893 Sed
1020 2850 1128 2892 haec
1145 2874 1150 2879 ι
1167 2852 1284 2891 esset
1304 2855 1306 2857 ’
1324 2848 1512 2892 definitio
1552 2849 1732 2892 notionis
1763 2842 1939 2892 ἄθλιος
1949 2877 1964 2901 ,
2008 2857 2121 2902 quae
2157 2859 2311 2891 vereor
