2502 3116
1117 85 1390 135 -3-

131 216 341 261 Socrates·
361 216 645 261 affirmaverat
674 218 824 260 'verum
844 223 950 261 esse*
967 217 1037 261 vel
1056 226 1107 261 eo
1127 218 1376 270 argumento
1408 216 1586 270 intelligi
1609 226 1737 270 posse
1764 217 1841 269 ait,
1875 215 1993 272 quod
2021 217 2127 272 quin
2154 217 2351 262 Socratae

130 289 223 345 ipse
253 290 438 335 oblatam
468 291 582 333 sorte
610 290 784 333 fortuna
811 289 1039 345 potentiam
1066 289 1368 343 repudiaturus
1398 290 1454 334 sit
1483 301 1606 333 nemo
1643 300 1758 333 unus
1789 289 1984 334 dubitare
2016 290 2163 345 possit.
2225 289 2352 335 Vides

128 363 275 418 igitur,
316 364 353 407 si
382 362 632 407 sententiam
676 366 844 417 spectes
857 397 869 415 ,
913 363 979 408 αἱς
1009 360 1067 419 δη·
1097 364 1191 407 fere
1222 363 1334 406 idem
1370 364 1608 417 significare
1641 362 1759 417 quod
1794 362 1953 418 quasi
1996 375 2142 417 vero,
2178 365 2351 419 proprie

125 440 274 483 autem
299 448 397 482 esse
427 447 582 492 quum
615 435 852 489 scilicet,
882 435 1013 492 quia
1039 436 1294 480 nimirum.
1357 434 1519 489 Quodsi
1538 436 1591 479 iis
1616 434 1743 488 lociS,
1776 434 1830 480 de
1853 435 2011 491 quibus
2031 436 2351 492 disputavimus,

123 510 200 555 illa
228 522 356 567 quam
388 511 534 554 rerunt
563 511 680 552 esset
707 509 858 553 harum
888 510 1190 564 particularum
1221 510 1306 562 vis,
1340 510 1433 553 fleri
1461 521 1546 553 non
1577 511 1743 564 posset,
1777 511 1827 552 ut
1854 509 2104 554 indicativus
2131 511 2199 555 vel
2229 514 2351 566 opta·

124 584 239 629 tivus
267 596 364 628 cum
394 581 602 638 particula
634 576 690 623 ἂν
719 583 970 626 coniunctus
1000 585 1271 638 sequeretur,
1304 583 1428 625 cuius
1461 583 1634 637 optativi
1654 583 1718 626 vis
1740 583 1834 626 fere
1856 582 2005 626 eadem
2032 587 2098 627 est
2121 595 2173 628 ac
2198 585 2348 629 futuri.

124 656 264 701 Aliter
294 655 566 699 iudicandum
599 657 665 698 est
695 654 750 699 de
782 655 835 698 iis
866 654 990 707 lociS,
1020 655 1096 698 ubi
1126 654 1190 701 αἱς
1224 652 1282 710 δὴ
1317 666 1402 698 non
1430 667 1526 699 cum
1558 654 1690 699 verbo
1721 655 1858 707 finito,
1895 655 1973 699 sed
2002 667 2098 700 cum
2127 657 2349 712 participio

125 727 318 786 (Protag.
346 727 438 772 342
465 727 514 771 D.
543 726 721 771 Phaedr.
755 726 844 770 228
879 727 923 771 C.
956 727 1095 782 Symp.
1127 727 1217 771 222
1255 727 1303 771 D.
1335 727 1489 781 Theag.
1529 727 1615 772 123
1647 725 1724 784 Α.)
1756 726 1825 770 vel
1856 738 1953 771 cum
1985 728 2202 773 adiectivis
2229 730 2350 774 iunc-

57 847 66 857 .
124 804 217 845 tum
253 801 464 845 invenitur
503 797 583 856 (de
614 799 718 854 Rep.
753 800 798 852 1,
842 800 932 843 337
961 798 1042 857 C.).
1108 799 1169 843 lbi
1214 799 1278 845 ais·
1304 797 1363 856 δή
1389 802 1483 844 fere
1513 800 1625 844 idem
1659 803 1727 843 est
1752 811 1994 856 quanquam
2026 802 2157 856 paulo
2192 804 2348 847 fortius

123 883 252 931 quam
280 873 457 929 simplex
485 871 594 916 illud
635 872 720 926 ais,
760 873 876 929 quod
905 873 1134 929 participiis
1164 873 1263 917 addi
1294 873 1422 926 solet,
1466 885 1552 929 quo
1583 885 1655 918 res
1684 874 1884 928 tanquam
1914 874 2097 929 cogitata
2130 877 2348 922 efferatur.

124 947 352 1004 Reliquum
389 949 456 991 est
496 949 546 989 ut
580 946 861 990 memorabilis
900 946 983 990 loci
1029 946 1207 1001 Euthyd.
1241 946 1332 989 293
1361 947 1409 990 D.
1446 948 1700 990 mentionem
1741 946 1968 999 faciamus,
2007 948 2083 990 ubi
2124 948 2188 993 αἱς
2226 947 2285 1006 δὴ
2322 961 2348 994 a

123 1021 264 1064 Ficino
301 1021 425 1075 quia
461 1019 741 1071 videlicet,
782 1031 808 1061 a
840 1020 1224 1063 Schleiermachero
1271 1020 1394 1063 weil
1435 1032 1540 1064 nun
1578 1019 1695 1063 also
1730 1019 1942 1063 redditum
1980 1022 2056 1064 est.
2119 1021 2197 1065 Hic
2237 1025 2347 1067 enim

124 1094 246 1138 locus
279 1093 402 1148 quasi
430 1091 653 1136 transitum
680 1094 801 1146 parat
832 1092 887 1136 ad
906 1092 1111 1137 ironicum
1140 1091 1278 1145 illum,
1311 1092 1365 1136 de
1391 1104 1478 1148 quo
1499 1093 1679 1147 egimuS‚
1708 1103 1835 1136 usum
1866 1091 2017 1137 harum
2041 1094 2346 1148 particularum

124 1169 397 1221 nostramque
430 1164 749 1219 explicationem
781 1164 948 1208 videtur
979 1165 1239 1208 confirmare.

305 1238 474 1292 Protag.
505 1237 596 1280 327
628 1236 672 1279 C.
705 1234 799 1277 ἀλλ’
831 1232 915 1278 οὖν
944 1236 1138 1293 αὐληταὶ
1168 1238 1282 1292 γοῦν
1306 1248 1343 1279 e.
1369 1249 1409 1292 q.
1431 1248 1465 1278 s.
1530 1237 1727 1279 Socrates
1755 1248 1888 1291 quum
1917 1237 2025 1280 hanc
2054 1240 2346 1294 quaestionem

123 1311 436 1364 proposuisset,
467 1310 542 1365 qui
568 1310 713 1362 fieret,
744 1313 792 1352 ut
822 1313 884 1353 tot
914 1312 1165 1364 optimorum
1194 1311 1381 1352 virorum
1411 1309 1486 1351 filii
1512 1321 1538 1351 a
1568 1310 1724 1352 virtute
1755 1311 1994 1362 parentium
2025 1312 2346 1365 degenerarent,

122 1383 377 1437 Protagoras
407 1383 489 1426 hoc
516 1382 642 1425 modo
669 1393 757 1425 rem
790 1383 870 1427 sibi
902 1383 1019 1426 visus
1050 1386 1118 1427 est
1145 1382 1358 1437 expedire.
1408 1381 1549 1434 ‘Finge
1583 1382 1719 1436 inquit
1751 1381 2054 1436 rempublicam
2074 1383 2231 1429 durare
2259 1392 2345 1430 non

123 1466 263 1512 posse,
281 1455 361 1501 nisi
381 1466 526 1501 omnes
543 1454 656 1500 cives
673 1453 867 1500 tibicines
884 1455 1004 1502 fiant:
1037 1455 1080 1500 in
1101 1453 1308 1500 eiusmodi
1326 1453 1494 1498 civitate
1511 1465 1612 1498 num
1628 1454 1772 1510 optimi
1789 1455 1998 1512 cuiusque
2015 1455 2197 1502 tibicinis
2209 1457 2343 1504 filiun

123 1530 324 1584 optimum
354 1530 568 1573 tibicinem
597 1531 792 1573 futurum
826 1541 923 1573 esse
954 1530 1199 1574 existimas?
1262 1529 1373 1572 Cave
1402 1528 1575 1571 credas:
1605 1540 1735 1583 saepe
1768 1530 1877 1573 enim
1906 1531 2092 1583 eveniet,
2119 1534 2170 1575 ut
2198 1533 2343 1587 optimi

121 1604 301 1647 tibicinis
330 1603 444 1647 illius
470 1605 604 1646 artem
631 1602 796 1647 discere
833 1606 1028 1658 nequeat,
1056 1602 1228 1657 pessimi
1259 1602 1536 1646 scientissime
1567 1601 1680 1644 tibiis
1712 1605 1848 1646 canat.
1910 1602 2002 1647 Non
2029 1604 2140 1649 enim
2170 1607 2342 1660 generis

122 1676 222 1719 talia
252 1678 369 1728 sunt,
400 1675 477 1720 sed
507 1677 697 1721 naturae.
758 1675 915 1719 Verum
947 1676 1156 1720 enimvero
1184 1675 1220 1718 si
1250 1675 1346 1718 talis
1376 1674 1636 1728 reipublicae
1668 1675 1782 1718 cives
1810 1685 1907 1720 cum
1936 1676 1988 1719 iis
2019 1680 2341 1732 comparaveris,

122 1748 196 1803 qui
233 1748 346 1792 tibiis
393 1751 567 1792 cantare
603 1748 770 1791 omnino
810 1748 1024 1800 nesciunt,
1068 1747 1261 1792 tibicines
1301 1747 1473 1803 quidem
1505 1746 1559 1790 ad
1589 1757 1723 1791 unum
1755 1758 1898 1791 omnes
1930 1743 1974 1792 et
2002 1749 2268 1795 existimandi
2297 1755 2343 1797 et

120 1820 361 1876 appellandi
390 1832 488 1865 esse
526 1817 807 1865 videbuntur?
877 1819 1004 1864 Vides
1044 1820 1173 1875 igitur
1210 1819 1483 1874 Protagoram
1523 1818 1641 1874 loqui
1683 1818 1738 1863 de
1770 1830 1843 1872 eo,
1886 1819 2003 1876 qnod
2036 1832 2122 1866 non
2158 1826 2225 1868 est
2261 1824 2341 1869 sed

120 1894 407 1940 tantummodo
436 1894 665 1948 cogitatur:
698 1905 908 1949 nusquam
940 1894 1049 1939 enim
1077 1894 1285 1937 civitatem
1302 1893 1521 1936 tibicinum
1542 1903 1671 1947 quam
1693 1892 1766 1936 ille
1795 1893 1917 1947 fingit
1938 1895 2162 1939 inveneris.
2217 1896 2340 1950 Quae

121 1979 253 2023 quum
291 1968 351 2010 ita
389 1968 490 2019 sint,
538 1967 600 2011 sic
639 1967 857 2009 Platonem
893 1967 1114 2021 scripsisse
1156 1965 1378 2010 verisimile
1415 1968 1503 2009 est:
1543 1962 1638 2006 ἀλλ’
1666 1958 1751 2006 οὖν
1790 1962 1988 2021 αὐληταί
2011 1964 2053 2023 y’
2084 1962 2142 2009 ἂν
2172 1968 2338 2016 πάντες

120 2035 238 2096 ἦσαν
267 2040 427 2081 ἱκανοί.
489 2038 647 2083 Addita
678 2040 787 2083 enim
821 2039 877 2083 ad
898 2039 1191 2094 imperfectum
1217 2038 1423 2093 particula
1451 2033 1508 2079 ἂν
1536 2038 1713 2082 indicari
1744 2041 1936 2092 constat,
1973 2050 2208 2087 samonem
2240 2053 2341 2088 ase

120 2114 176 2158 de
206 2125 255 2158 re
284 2113 384 2165 tali,
420 2124 536 2168 quae
573 2123 688 2156 nunc
726 2112 898 2168 quidem
936 2124 1021 2157 non
1065 2114 1149 2165 est,
1189 2111 1266 2155 sed
1295 2123 1406 2167 quae
1437 2112 1587 2155 iutura
1614 2114 1754 2165 esset,
1796 2111 1835 2155 si
1867 2113 2051 2160 conditio
2080 2125 2196 2173 quae
2223 2120 2339 2162 nunc

118 2186 292 2241 fingitur
308 2196 356 2228 re
385 2196 488 2229 vera
509 2185 721 2230 existeret.
783 2185 938 2229 Eadem
963 2185 1071 2231 ratio
1094 2188 1161 2229 est
1181 2184 1543 2238 antecedentium,
1570 2184 1649 2227 ubi
1680 2183 1760 2225 καὶ
1788 2182 2002 2232 πολλάκις
2030 2188 2119 2242 μὴν
2148 2185 2340 2244 ἀγαθοῦ

120 2258 323 2315 αὐλητοῦ
337 2257 513 2310 φαῦλος
529 2253 585 2298 ἂν
603 2256 764 2314 ἀπέβη,
785 2256 997 2303 πολλάκις
1016 2256 1060 2299 δ’
1076 2253 1132 2299 ἂν
1150 2255 1329 2311 φαύλου
1348 2254 1529 2312 ἀγαθὸς
1548 2257 1663 2303 dixit.
1696 2256 1790 2309 Qua
1806 2258 2099 2304 emendatione
2115 2265 2339 2315 praetem

118 2336 231 2391 γοῦν
266 2332 373 2375 illud
410 2332 579 2393 deletur
592 2367 602 2384 ‚
642 2332 761 2386 quod
802 2344 899 2375 cum
937 2332 1145 2385 particula
1184 2324 1266 2373 οὖν
1302 2331 1546 2384 copulatum
1585 2329 1717 2374 habet
1745 2330 1790 2374 in
1821 2343 1908 2386 quo
1946 2333 2224 2379 offendamus.
2286 2338 2338 2390 r}

117 2410 259 2452 autem
308 2403 412 2459 quid
449 2403 530 2447 sibi
565 2404 668 2448 velit
713 2404 867 2449 nemini
917 2406 1059 2459 potest
1100 2414 1197 2449 esse
1234 2402 1473 2448 obscurum.
1559 2402 1724 2447 Etenim
1773 2414 1906 2459 quum
1945 2404 2073 2451 fictae
2115 2406 2232 2451 iliius
2272 2408 2337 2453 rei

117 2480 314 2538 publicae
331 2477 444 2522 cives
463 2476 568 2521 alios
591 2477 727 2522 bonos
752 2477 857 2523 alios
873 2476 1006 2521 malos
1035 2476 1229 2522 tibicines
1258 2487 1461 2522 evasuros
1492 2476 1666 2529 dixerit,
1697 2475 1852 2521 deinde
1870 2477 2041 2523 eosdem
2072 2484 2335 2535 comparatos

116 2564 214 2597 cum
241 2552 313 2604 iiS‚
345 2550 420 2605 qui
451 2550 616 2594 omnino
649 2551 762 2594 illam
791 2554 925 2596 artem
953 2552 1161 2603 nesciant,
1191 2560 1335 2595 omnes
1364 2550 1401 2593 si
1429 2561 1514 2593 non
1541 2550 1678 2593 bonos
1708 2552 1753 2597 at
1778 2550 1972 2594 tibicines
2002 2552 2173 2610 quidem
2201 2554 2334 2599 videri

114 2637 244 2682 posse
275 2624 467 2749 am:
512 2695 603 2739 328
647 2696 692 2739 C,
767 2692 918 2736 ταῖνδε
958 2692 1009 2735 δὲ
1046 2689 1177 2736 οὔπω
1224 2690 1350 2745 ἄξιον
1386 2695 1527 2736 τοῦτο
1564 2694 1844 2753 κατηγορεῖν.
1920 2693 2137 2741 Vocabulo
2183 2697 2334 2740 zabda

117 2769 419 2816 Stallbaumius
441 2767 640 2813 Paralum
654 2770 699 2813 et
716 2765 1001 2824 Xanthippum
1015 2803 1025 2822 ,
1051 2766 1203 2814 Pericli
1225 2767 1355 2820 filios,
1399 2767 1474 2823 qui
1493 2767 1674 2812 sermoni
1695 2767 1927 2812 intererant
1944 2764 2135 2824 (Protag.
2153 2770 2246 2817 314
2263 2771 2333 2829 E.)

114 2843 196 2888 dici
226 2844 367 2898 putat,
407 2841 461 2885 de
503 2851 685 2897 quorum
731 2840 988 2886 educatione
1015 2841 1231 2885 Socratem
1273 2851 1404 2897 supra
1445 2852 1541 2896 pag.
1574 2841 1665 2883 319
1698 2839 1742 2883 E
1773 2839 1865 2883 320
1896 2839 2081 2884 brevitu-
2119 2851 2334 2898 exponen

1597 2910 1658 2957 μ
