2502 3116
1075 90 1382 135 ..13-

115 218 279 273 diciS,
311 217 452 275 quod
481 217 618 262 facit
647 218 706 260 ut
733 216 1006 269 videatur,
1037 226 1098 260 an
1127 215 1198 268 id,
1227 214 1368 270 quod
1398 215 1583 260 efficit
1614 218 1671 259 ut
1703 217 1791 269 sit,
1823 229 1883 261 an
1911 216 2184 262 neutrum?
2247 213 2334 261 Sed

112 292 242 336 huius
268 291 608 345 interrogationis
640 290 777 332 solum
808 290 986 343 primum
1001 288 1233 332 membrum
1253 287 1409 332 diserte
1433 288 1643 342 exprimit,
1673 289 1837 344 reliqua
1868 290 2042 334 liberius
2060 292 2333 334 tractaturus.
2405 335 2409 339 ,
2458 276 2464 288 ί

294 366 416 419 Hipp.
450 364 542 407 Mai.
575 363 664 407 301
700 364 745 406 C.
792 359 823 403 ἃ
852 358 1187 417 διανοούμεθα.
1250 360 1321 405 Sic
1347 374 1491 405 omnes
1523 361 1619 405 libri
1650 365 1822 417 praeter
1852 375 1983 407 unum
2009 361 2266 418 Angelicum
2293 374 2332 416 v,

112 437 188 494 qui
228 432 541 492 διενοούμεθα
587 434 729 479 habet.
800 433 934 490 Atqui
979 434 1175 480 Socrates
1218 433 1300 479 sibi
1337 444 1451 479 nunc
1486 434 1542 479 ab
1584 434 1736 490 Hippia
1775 436 1899 480 aliter
1945 446 2197 491 persuasum
2232 446 2332 480 esse

113 510 292 555 simulat.
354 508 502 565 Itaque
548 519 633 552 non
671 507 774 563 quid
811 507 980 560 sentiat,
1017 506 1095 551 sed
1133 506 1237 564 quid
1272 507 1452 551 senserit
1489 507 1753 550 indicaturus
1787 511 1864 551 est.
1926 508 2017 552 Hoc
2045 509 2104 552 ita
2132 520 2230 553 esse
2263 508 2333 552 vel

113 595 167 627 ex
196 583 268 636 iis,
298 592 410 637 quae
441 580 628 635 proxime
661 582 920 636 sequuntur,
951 579 1116 624 discere
1142 580 1261 623 licet:
1290 579 1420 634 ἡμεῖς
1452 576 1538 637 γὰρ
1558 604 1610 610 -
1634 573 1785 625 οὕτως
1812 578 2044 637 ἀβέλτεροι
2076 575 2191 636 ἦμεν
2224 581 2332 637 πρίν

114 668 165 698 σε
199 651 329 698 ταῦτ’
361 652 509 696 εἰπεῖν.
583 652 731 709 Itaque
767 655 885 698 recte
929 654 1125 698 fecerunt
1154 653 1419 698 Hermannus
1464 655 1507 697 et
1554 654 1822 707 TuricenseS,
1862 653 1979 709 quod
2020 651 2333 709 διενοούμεθα

110 729 238 774 etiam
268 729 415 772 contra
446 726 719 782 plurimorum
750 726 941 771 codicum
971 738 1222 771 consensum
1252 727 1519 779 receperunt.

292 800 416 855 Hipp.
435 799 528 843 Min.
552 799 644 843 364
657 798 714 843 Ἀ.
775 797 917 841 καλόν
941 813 990 855 γε
1010 799 1174 855 λέγεις,
1208 793 1250 840 αἶ
1274 799 1427 839 Ἱππία
1436 828 1451 852 ,
1482 798 1558 839 καὶ
1589 799 1652 857 τῇ
1679 795 1869 841 Ἠλείων
1899 796 2024 841 πόλει
2053 800 2134 854 τῆς
2166 801 2331 853 σοφίας

110 869 342 928 ἀνάθημα
368 869 453 928 τήν
485 868 629 923 δόξαν
658 869 771 914 εἶναι
797 869 880 928 τὴν
909 870 993 928 σὴν
1010 872 1088 914 καὶ
1106 872 1202 917 τοῖς
1231 872 1410 926 γονεῦσι
1443 872 1537 917 τοῖς
1564 872 1672 917 σοῖς.
1726 871 2048 916 Stallbaumius:
2089 872 2331 917 ‘infinitivus

108 946 245 1003 inquit
284 957 309 990 e
338 944 477 1002 λέγεις
507 945 649 990 denuo
687 944 959 1000 intelligendo
992 944 1064 988 illo
1092 955 1328 999 suspensus
1360 940 1452 987 est.³
1524 944 1607 988 lmo
1646 955 1748 988 vero
1787 942 1928 986 καλᾶν
1967 957 2062 989 cum
2102 943 2331 1001 ἀνάθημα

110 1019 450 1073 coniungendum
481 1021 524 1062 et
553 1018 630 1060 καὶ
657 1042 709 1048 --
737 1017 815 1059 καὶ
850 1018 978 1062 latine
1019 1021 1061 1061 et
1093 1041 1155 1048 —
1183 1021 1226 1061 et
1255 1017 1515 1062 reddendum
1554 1030 1651 1062 esse
1692 1020 1821 1072 patet.
1887 1019 1957 1062 Sic
2003 1020 2082 1062 iam
2122 1020 2331 1064 Schleier-

110 1093 333 1138 macherus
363 1091 504 1136 locum
531 1094 649 1137 recte
680 1091 980 1148 interpretatus
1013 1092 1116 1133 erat.
1643 1102 1647 1111 ·

290 1165 415 1208 Lach.
461 1165 549 1208 190
585 1166 630 1209 Ε.
693 1162 788 1206 ἀλλ’
821 1163 934 1209 ἴσως
976 1161 1066 1219 ἐγώ
1103 1161 1246 1207 αἴτιος
1274 1187 1326 1193 -
1359 1161 1412 1204 τὸ
1452 1164 1501 1204 σὲ
1544 1161 1883 1221 ἀποκρίνασθαι
1921 1162 1988 1220 μὴ
2027 1166 2178 1207 τοῦτο.
2254 1167 2332 1210 Hic

110 1238 379 1282 accusativus
411 1238 600 1282 infinitivi
625 1238 768 1282 addito
799 1237 978 1282 articulo
1006 1249 1103 1281 cum
1129 1236 1337 1281 adiectivo
1369 1234 1509 1283 αἴτιος
1536 1237 1761 1293 copulatus
1792 1250 1945 1282 vereor
1970 1240 2018 1282 ut
2051 1239 2153 1282 ferri
2186 1239 2333 1294 possit.

113 1311 267 1354 Similis
306 1310 476 1366 quidem
514 1312 620 1354 ratio
659 1312 741 1354 loci
780 1313 846 1354 est
884 1310 982 1353 Crit.
1026 1310 1085 1353 43
1119 1308 1164 1353 C.
1227 1306 1397 1355 αὐτοῦς
1441 1308 1664 1352 §mastdarm
1701 1308 1755 1352 τὸ
1794 1308 1861 1366 μή
1903 1309 2007 1365 οὐχὶ
2048 1309 2330 1366 ἀγανακτεῖν,

110 1384 187 1428 sed
213 1387 352 1427 tamen
383 1395 473 1445 non,
498 1385 656 1428 eadem.
719 1384 865 1439 ltaque
893 1382 1036 1427 nescio
1079 1395 1133 1425 an
1168 1384 1243 1426 aut
1283 1382 1371 1423 τοῦ
1404 1383 1697 1437 corrigendum
1729 1384 1783 1427 sit
1812 1382 1946 1440 (sicut
1977 1385 2138 1428 Charin.
2173 1386 2258 1428 156
2288 1385 2332 1430 Ε.

107 1459 247 1499 τοῦτο
279 1456 356 1499 καὶ
382 1454 525 1499 αἴτιον
556 1454 622 1514 εἴη
656 1457 743 1500 τοῦ
778 1454 1058 1513 διαφεύγειν)
1089 1458 1164 1500 aut
1193 1451 1247 1498 τὸ
1281 1455 1525 1511 delendum,
1557 1457 1668 1502 sicut
1700 1457 1829 1512 paulo
1859 1457 1969 1503 infra
1999 1457 2204 1503 habemus
2236 1471 2331 1514 pag.

116 1530 198 1575 191
231 1529 276 1575 C.
307 1525 397 1586 ἐγώ
432 1527 572 1576 αἴτιος
600 1526 667 1586 μή
696 1528 850 1576 καλαῖς
884 1530 933 1572 σὲ
966 1526 1318 1588 ἀποκρίνασθαι,

293 1603 455 1647 Charm.
493 1603 578 1646 160
608 1603 652 1646 Ε.
716 1596 787 1660 ἆρ’
816 1596 899 1643 οὖν
933 1597 988 1643 ἂν
1020 1600 1083 1657 εἴη
1114 1599 1323 1656 ἀγαθόν,
1353 1599 1379 1642 ὃ
1411 1599 1478 1657 μὴ
1510 1600 1722 1657 ἀγαθούς
1753 1600 2051 1658 ἄπέργαζεται
2065 1619 2083 1654 5
2122 1605 2212 1646 Hoc
2245 1605 2333 1656 agit

110 1678 328 1729 Socrates,
361 1680 409 1719 ut
442 1677 610 1720 Homeri
641 1677 912 1728 auctoritate,
943 1676 1018 1731 qui
1048 1675 1256 1729 pudorem
1286 1676 1464 1729 pauperi
1496 1676 1652 1719 malum
1683 1689 1780 1720 esse
1810 1676 1973 1730 dixerit,
2006 1677 2125 1720 nisus
2148 1677 2331 1720 Charmi-

106 1750 203 1793 dem
233 1750 414 1794 refellat.
475 1748 554 1792 Hic
587 1749 697 1793 enim
730 1744 1038 1806 σωφροσύνην
1068 1747 1273 1802 pudorem
1306 1758 1402 1792 esse
1434 1748 1730 1793 affirmaverat.
1782 1748 1929 1805 ltaque
1950 1760 2039 1794 rem
2059 1750 2118 1794 ita
2142 1749 2335 1803 instituit,

107 1824 157 1867 ut
190 1818 499 1881 σωφροσύνην
527 1832 693 1878 semper
726 1821 883 1867 bonum
925 1820 1162 1865 hominibus
1196 1831 1291 1865 esse
1332 1820 1602 1866 demonstret.
1680 1822 1770 1866 Hac
1806 1822 1917 1866 enim
1964 1834 2010 1866 re
2053 1823 2337 1867 demonstrata

107 1894 334 1952 pudorem,
382 1895 456 1951 qui
494 1895 619 1939 modo
656 1896 815 1939 bonum
854 1894 979 1938 modo
1029 1894 1185 1936 malum
1223 1895 1300 1945 sit,
1343 1892 1654 1951 σωφροσύνην
1707 1907 1804 1937 esse
1848 1908 1933 1937 non
1974 1908 2102 1949 posse
2142 1900 2329 1950 apparet.

105 1970 252 2023 Itaque
284 1969 463 2022 primum
493 1969 743 2020 interrogat,
777 1981 878 2010 num
909 1969 984 2022 qui
1013 1970 1296 2020 temperantes
1326 1968 1451 2011 iidem
1482 1969 1606 2011 etiam
1637 1968 1736 2010 boui
1769 1968 1982 2012 iudicandi
2015 1969 2116 2021 sint,
2144 1973 2186 2013 et
2216 1971 2331 2023 post-

108 2054 235 2096 quam
264 2041 347 2084 hoc
372 2040 426 2083 ab
456 2040 528 2083 illo
560 2052 809 2084 concessum
841 2042 925 2092 est,
956 2039 1228 2084 conclusione
1260 2038 1313 2083 ab
1345 2041 1499 2083 effecto
1532 2039 1587 2084 ad
1619 2040 1809 2084 efficiens
1842 2041 1955 2084 facto
1995 2041 2126 2096 ipsam
2156 2051 2331 2097 quoque

106 2112 426 2168 temperantiam
457 2112 613 2157 bonum
642 2124 739 2158 esse
771 2112 1028 2169 comprobat.
1093 2111 1163 2156 Sic
1182 2111 1407 2167 oportebat
1429 2110 1741 2157 conclusionem
1770 2112 2022 2168 procedere:
2053 2113 2129 2157 sed
2151 2113 2192 2156 id
2210 2114 2328 2170 quod

105 2199 219 2231 nunc
238 2186 536 2231 circumfertur
566 2179 636 2244 ἆρ’
660 2179 743 2229 οὖν
774 2180 830 2229 ἂν
859 2183 922 2242 εἴη
952 2180 1137 2241 ἀγαθόν
1145 2215 1161 2240 ,
1193 2182 1219 2226 ὃ
1247 2181 1314 2241 μή
1348 2182 1562 2241 ἀγαθούς
1595 2183 1891 2241 ἀπεργάζεται
1922 2197 2057 2241 paene
2078 2187 2329 2231 contrariam

105 2259 356 2305 sententiam
386 2259 574 2314 praebet.
636 2259 727 2305 Hoc
749 2260 857 2305 enim
883 2259 1055 2304 sirecte
1074 2269 1122 2302 se
1142 2257 1337 2312 haberet,
1370 2259 1477 2303 haec
1511 2259 1716 2303 sententia
1748 2261 1884 2303 esset:
1919 2259 1960 2302 id
1991 2259 2108 2315 quod
2138 2259 2329 2304 homines

104 2344 190 2378 non
221 2332 361 2378 reddit
382 2331 518 2377 bonos
551 2343 606 2378 ne
635 2333 727 2389 ipse
747 2333 917 2389 quidem
947 2332 1105 2376 bonum
1137 2342 1233 2375 esse
1267 2335 1419 2386 potest.
1468 2332 1568 2385 Hoc,
1602 2344 1733 2388 quum
1761 2333 1842 2375 iam
1873 2335 2057 2375 sumtum
2086 2333 2153 2376 vel
2186 2333 2331 2377 datum

105 2408 161 2452 sit
192 2407 474 2461 temperantes
502 2417 599 2450 esse
629 2407 784 2460 bonoS‚
817 2406 981 2450 omnino
1010 2403 1222 2461 quadrare
1256 2416 1338 2447 non
1370 2406 1548 2449 videtur.
1613 2404 1731 2456 Quae
1763 2406 1799 2448 si
1830 2409 1946 2449 recte
1978 2406 2190 2460 disputata
2219 2410 2331 2460 sunt,

108 2481 353 2525 coniectura
399 2480 633 2522 remedium
681 2492 888 2536 quaerere
930 2490 1139 2532 cogemur.
1214 2477 1407 2522 Fortasse
1451 2478 1739 2522 scribendum:
1795 2472 1865 2535 ἄρ’
1917 2470 2000 2522 οὖν
2039 2477 2123 2522 οὐκ
2162 2475 2218 2522 ἂν
2263 2479 2329 2536 εἴη

108 2550 313 2610 ἀγαθόν,
346 2547 371 2593 ὃ
403 2547 616 2605 ἀγαθούς
648 2549 944 2610 ἀπεργάζεται
954 2567 972 2603 ,·
1034 2550 1104 2594 Sic
1132 2549 1302 2605 quidem
1338 2551 1470 2595 oratio
1502 2553 1617 2595 recte
1645 2551 1916 2604 procederet:

289 2624 331 2669 S.
394 2623 540 2668 Nonne
571 2625 704 2670 etiam
730 2625 830 2670 boni
863 2627 962 2668 sunt
992 2623 1306 2678 temperantes?

292 2699 365 2741 Ch.
430 2698 549 2739 Sunt.

290 2773 333 2815 S.
395 2770 530 2825 Atqui
571 2771 720 2824 opinor
758 2771 853 2814 fieri
896 2782 980 2815 non
1019 2771 1184 2824 potest,
1228 2767 1331 2823 quin
1372 2766 1414 2812 id
1454 2767 1570 2824 quod
1606 2768 1742 2814 bonos
1785 2769 1888 2815 facit
1917 2770 2054 2826 ipsum
2088 2770 2243 2815 bonum
2277 2770 2330 2815 sit

104 2842 240 2902 (conf.
276 2843 360 2889 Cic.
392 2842 540 2889 Parad.
575 2842 610 2897 1,
641 2840 705 2901 3).
