2502 3116
1106 86 1382 131 -5-

133 211 289 257 similes
329 212 397 257 vel
437 210 981 267 dissimiles-appellaveris
1010 226 1072 243 —
1107 204 1211 253 κᾶν
1257 206 1401 252 πάνυ
1447 207 1695 267 σμικρὸν
1732 203 1832 269 ἔχῃ
1875 208 1927 252 τὸ
1969 203 2188 264 ὅμοιον.
2260 207 2350 252 Hoc

132 285 226 330 loco
247 288 323 330 aut
353 285 485 330 simile
518 297 602 329 non
633 283 765 339 magis
796 296 922 340 quam
952 283 1152 328 dissimile
1183 285 1259 328 aut
1287 286 1482 328 neutrum
1514 283 1920 328 commemorandum
1959 283 2093 327 fuisse
2126 281 2253 326 facile
2284 283 2351 326 est

130 358 186 403 ad
215 357 545 413 intelligendum.
607 356 755 414 Itaque
792 358 868 401 aut
900 368 997 401 cum
1031 357 1171 401 Ficino
1200 353 1254 398 τὸ
1288 349 1448 411 ὅμοιον
1478 356 1555 398 καὶ
1584 354 1640 400 τὸ
1672 353 1892 411 ἀνόμοιον
1933 356 2203 399 scribendum
2232 352 2352 411 (nam

130 432 248 488 quod
276 430 687 476 Schleiermacherus
718 430 912 475 voluerat
932 427 987 473 τὰ
1017 427 1238 486 ἀνόμοιον
1260 429 1337 471 καὶ
1360 426 1413 470 τὸ
1438 423 1600 485 ὅμοιον
1628 442 1711 474 non
1739 431 1863 485 plane
1894 430 2172 483 responderet
2202 427 2351 479 ordini,

131 517 218 560 quo
258 504 471 559 sophistes
512 506 638 546 antea
669 503 723 546 110
750 503 816 546 his
844 504 976 547 rebus
1009 502 1341 560 disputaverat),
1381 506 1455 545 aut
1497 515 1608 558 quae
1638 515 1731 546 mea
1769 507 1836 546 est
1865 504 2074 546 sententia
2103 499 2156 543 τὸ
2187 494 2351 554 ὅμοιον

128 576 356 623 delendum
386 575 566 620 videtur.
629 574 803 620 Omnino
833 576 943 621 enim
974 576 1040 620 his
1066 576 1284 621 vocabulis
1314 588 1584 631 nequaquam
1616 588 1791 630 egemus
1805 612 1815 629 ‚
1846 588 1979 631 quum
2006 572 2125 618 πάνυ
2156 569 2351 630 σμικρὸν

130 651 186 696 ad
228 649 363 694 simile
402 659 541 702 aeque
579 659 632 692 ac
670 648 870 693 dissimile
914 650 1139 693 referatur.
1203 649 1340 693 Facile
1382 651 1524 692 autem
1553 650 1589 692 si
1621 649 1793 703 quaeris
1834 650 1926 693 lieri
1964 653 2150 703 poterat,
2189 651 2237 690 ut
2272 647 2354 689 hae

129 722 309 767 voculae
341 732 395 765 ex
428 720 499 773 iis,
542 732 653 775 quae
683 722 939 776 sequuntur,
976 715 1173 779 [ὅμοιόν
1199 736 1243 763 τι
1270 717 1495 779 σμικρὸν]
1526 721 1612 765 11110
1647 723 2025 775 transponerentur
2056 720 2124 764 vel
2167 718 2349 772 explica-

128 794 255 840 tionis
276 793 467 849 quamvis
497 804 581 837 non
613 793 718 837 satis
747 795 971 838 accuratae
1000 794 1135 847 gratia
1167 794 1221 837 ab
1252 793 1395 848 aliquo
1426 794 1721 838 adficerentur.
1784 794 1887 837 Nam
1916 794 2032 849 quod
2048 791 2350 836 Stallbaumius

128 868 237 912 haec
272 866 404 910 verba
441 862 553 907 οὐδὲ
591 862 651 906 τὰ
691 862 913 920 ἀνόμοιόν
943 880 988 908 τι
1018 864 1180 920 ἔχοντα
1212 866 1348 921 ‘quasi
1387 865 1524 909 obiter
1560 866 1704 909 addita
1748 878 1845 910 esse
1885 866 2179 909 illustrationis
2206 860 2348 907 causa'

128 938 265 985 innuit
295 937 468 995 (melius
499 937 675 980 dixisset
703 938 968 993 ceteroquin,
1014 938 1110 982 ideo
1148 938 1290 981 addIta
1333 949 1450 990 esse,
1494 941 1542 981 ut
1588 939 1769 982 notionis
1818 940 1998 992 sphaera
2035 951 2163 993 quam
2203 937 2349 980 dicunt

129 1012 257 1066 logici
285 1023 363 1066 per
392 1021 537 1063 omnes
567 1012 710 1065 partes
739 1008 1063 1068 exponeretur):
1099 1011 1252 1055 nemini
1284 1010 1560 1065 persuadebit
1596 1011 1689 1055 fleri
1722 1012 1934 1066 potuisse,
1975 1016 2023 1056 ut
2059 1011 2179 1055 Plato
2217 1019 2351 1065 quum

131 1084 262 1129 semel
292 1083 400 1128 haec
431 1082 563 1127 verba
592 1094 848 1139 quacunque
882 1083 936 1127 de
966 1095 1097 1127 causa
1135 1084 1368 1127 addidisset
1405 1083 1558 1127 deinde
1589 1084 1632 1127 in
1660 1095 1711 1128 eo
1745 1086 1979 1137 enuntiato,
2021 1085 2064 1127 in
2098 1096 2185 1139 quo
2216 1082 2351 1125 omnis

129 1159 192 1201 vis
222 1156 361 1211 posita
389 1158 505 1199 esset
532 1150 650 1214 [κᾶν
674 1153 794 1197 πάνυ
824 1153 1018 1213 σμικρὰν
1039 1153 1166 1215 ἔχῃ),
1200 1168 1247 1199 se
1278 1156 1360 1199 1100
1391 1156 1547 1200 fecisse
1568 1157 1909 1209 oblivisceretur,
1940 1158 2187 1211 praesertim
2217 1166 2349 1210 quum

130 1231 236 1275 11300
269 1229 401 1273 verba
433 1225 544 1271 οὐδὲ
572 1225 632 1270 τὰ
663 1225 885 1284 ἀνόμοιόν
912 1243 957 1271 τι
984 1226 1146 1285 ἔχοντα
1177 1225 1377 1284 ἀνόμοια
1420 1240 1516 1273 01113
1543 1229 1628 1273 illis
1658 1224 1744 1271 κᾶν
1773 1226 1892 1272 πάνυ
1928 1243 1964 1275 e.
1982 1243 2022 1286 q.
2055 1243 2088 1274 s,
2117 1228 2350 1273 arctissime

129 1304 274 1348 essent
303 1301 539 1345 coniuncta.

312 1373 493 1428 Euthyd.
526 1373 616 1417 276
649 1373 695 1417 B.
748 1373 791 1415 oz
823 1369 1025 1428 ἀμαθεῖς
1058 1369 1150 1431 ἄρα
1184 1372 1322 1427 σοφοὶ
1351 1370 1690 1429 μανθάνουσιν.
1755 1375 1826 1419 Sic
1854 1386 1879 1419 e
1906 1374 2136 1418 Bodleiano
2165 1376 2208 1418 et
2239 1372 2352 1415 Vati-

130 1458 238 1492 cano
276 1446 316 1489 Θ
357 1446 613 1491 restitutum.
690 1446 777 1490 Sed
818 1446 1006 1502 quamvis
1047 1447 1298 1502 optimorum
1335 1446 1539 1491 librorum
1577 1448 1831 1492 auctoritate
1871 1448 1981 1491 11330
2020 1448 2241 1491 lectionem
2278 1444 2354 1487 niti

129 1521 310 1573 videam,
340 1521 480 1563 tamen
509 1518 653 1563 nescio
683 1519 786 1574 quid
823 1520 1011 1574 scrupuli
1043 1521 1143 1563 mihi
1175 1523 1319 1565 restat.
1383 1519 1518 1572 Quam
1548 1521 1633 1565 late
1661 1524 1805 1576 pateat
1836 1522 1908 1564 illa
1939 1533 2065 1575 quam
2094 1519 2352 1574 grammatici

128 1593 276 1638 dicunt
310 1591 519 1648 prolepsis
538 1627 548 1646 ,
582 1602 710 1648 quam
736 1592 780 1636 13
809 1591 949 1636 verbis
993 1586 1144 1643 αὔξειν
1181 1593 1321 1635 τελεῖν
1355 1589 1584 1636 παιδεύειν
1622 1594 1827 1638 similibus
1867 1605 1952 1637 usu
1991 1593 2137 1637 venire
2175 1594 2352 1643 constat,

128 1665 430 1711 Stallbaumius
468 1665 525 1708 ad
561 1665 728 1719 Protag.
758 1665 848 1708 327
891 1666 936 1709 C.
976 1665 1086 1709 bene
1120 1667 1333 1720 exposuit.
1411 1666 1497 1709 Sed
1537 1667 1701 1709 nullum
1742 1667 1886 1710 adhuc
1925 1668 2066 1710 fateor
2104 1678 2171 1709 me
2210 1667 2349 1707 locum

129 1740 307 1790 vidisse,
347 1738 421 1792 qui
453 1738 512 1789 ei,
555 1737 609 1781 de
640 1749 725 1792 quo
759 1750 838 1781 nos
871 1739 1054 1791 agimus,
1093 1739 1203 1780 omni
1235 1751 1288 1781 ex
1315 1741 1436 1791 parte
1468 1739 1612 1781 similis
1645 1743 1772 1783 esset.
1834 1740 1997 1783 Etenim
2028 1740 2209 1782 lectione
2241 1736 2351 1780 Bod-

128 1810 254 1856 leiani
284 1813 458 1863 recepta
491 1809 576 1854 duo
608 1810 732 1865 quasi
761 1810 921 1864 gradus
953 1809 1104 1854 aetatis
1135 1810 1341 1854 humanae
1378 1810 1487 1855 inter
1525 1823 1573 1855 se
1603 1811 1786 1866 oppositi
1824 1811 2055 1856 arctissime
2086 1810 2351 1865 copulantur.

129 1882 263 1941 Atqui
302 1878 505 1938 ἀμαθεῖς
544 1893 678 1938 quum
718 1882 748 1927 ii
794 1882 877 1928 dici
915 1882 1098 1939 soleant,
1151 1883 1225 1939 qui
1262 1894 1343 1928 nec
1388 1882 1626 1927 didicerunt
1660 1895 1740 1929 300
1779 1887 2013 1940 coeperunt
2052 1883 2237 1936 discere,
2282 1881 2353 1925 vix

128 1957 297 2003 videtur
324 1955 417 2000 fleri
445 1966 591 2012 posse,
630 1957 679 2000 ut
709 1955 792 2001 hoc
818 1967 972 2006 nomen
1005 1956 1129 2002 etiam
1158 1956 1241 2000 illis
1274 1956 1419 2008 detur,
1458 1956 1533 2012 qui
1568 1956 1634 2000 his
1672 1957 1814 2001 verbis
1853 1957 2172 2002 describuntur:
2214 1953 2353 2009 σοφοὶ

127 2026 443 2088 μανθάνουσι.
531 2029 675 2072 Dicam
722 2029 827 2085 quid
877 2029 1065 2073 sentiam.
1149 2030 1243 2072 Non
1293 2029 1462 2081 dubito,
1522 2031 1625 2085 quin
1679 2034 1797 2074 recte
1847 2031 2036 2074 dicatur:
2102 2031 2144 2071 oi
2196 2026 2351 2072 παῖδες

127 2100 429 2160 μανθάνουσι
466 2101 627 2155 σοφοί,
668 2113 802 2157 quum
831 2102 955 2155 pueri
982 2113 1067 2145 303
1098 2102 1292 2147 desinant
1322 2103 1444 2156 pueri
1477 2114 1592 2155 esse,
1624 2103 1700 2146 ubi
1728 2104 1975 2158 sapientiam
2003 2104 2350 2156 disceret-oepe-

127 2178 238 2220 runt.
299 2174 359 2218 At
386 2175 469 2219 hoc
488 2174 659 2230 quidem
684 2174 954 2218 vehementer
974 2174 1143 2228 dubito,
1171 2187 1271 2218 num
1299 2174 1382 2218 dici
1412 2176 1548 2228 possit
1566 2176 1609 2217 ol
1631 2173 1835 2230 ἀμαθεῖς
1865 2177 2003 2230 σοφοὶ
2032 2174 2348 2231 μανθάνουσι,

126 2259 258 2304 quum
287 2249 378 2290 tum
407 2246 576 2290 demum
608 2242 752 2299 σοφὰς
784 2246 852 2290 vel
883 2243 1027 2299 σοφός
1063 2244 1331 2301 μανθάνων
1359 2247 1457 2299 fias,
1499 2248 1575 2290 ubi
1608 2245 1805 2303 ἀμαθής
1832 2261 1929 2293 esse
1962 2250 2153 2294 desieris.
2216 2247 2343 2290 Vides

125 2319 230 2376 quid
258 2318 359 2363 mihi
389 2318 621 2373 displiceat.
685 2317 825 2371 Quum
852 2318 1045 2362 notiones
1075 2319 1186 2363 inter
1217 2329 1264 2362 se
1297 2319 1517 2372 oppositae
1556 2320 1615 2363 ita
1655 2321 1984 2376 coniungantur,
2029 2326 2078 2365 ut
2112 2320 2347 2364 subiectum

123 2394 169 2438 et
198 2390 486 2448 praedicatum
521 2390 712 2435 eiusdem
747 2390 866 2435 verbi
899 2388 1160 2446 μανθάνειν
1197 2390 1395 2445 evadant,
1437 2392 1503 2445 fit,
1547 2393 1592 2436 id
1635 2394 1752 2448 quod
1780 2395 1874 2439 fieri
1906 2406 2033 2449 posse
2066 2392 2179 2437 haud
2208 2391 2348 2445 credo,

124 2467 174 2509 ut
203 2464 258 2509 de
289 2463 480 2507 subiecto
507 2463 551 2506 id
581 2463 872 2518 praedicetur,
903 2464 1020 2519 quod
1053 2464 1187 2519 ipsius
1220 2464 1401 2507 subiecti
1443 2466 1603 2509 notioni
1639 2466 1895 2510 contrarium
1926 2470 2002 2510 est.
2064 2466 2220 2509 Eodem
2254 2466 2350 2507 iure

125 2536 429 2582 Demosthenes
459 2534 625 2590 Olynth.
657 2536 712 2589 11,
748 2537 801 2580 19
834 2547 911 2591 pro
943 2538 1086 2592 μέγας
1115 2534 1299 2593 ηὐξήθη
1333 2538 1550 2592 putandus
1581 2541 1696 2582 esset
1728 2539 1753 2580 ὀ
1782 2536 1945 2596 μικρὸς
1975 2539 2120 2593 μέγας
2163 2534 2347 2593 ηὐξήθη

127 2611 271 2655 dicere
309 2609 520 2665 potuisse,
566 2609 684 2666 quod
723 2609 792 2653 vix
830 2608 910 2654 erit
948 2610 1022 2666 qui
1053 2610 1133 2654 sibi
1163 2610 1430 2665 persuadeat.
1507 2611 1619 2655 Loco
1655 2612 1858 2655 simillimo
1888 2611 2096 2666 Euripidis
2124 2612 2223 2654 ller.
2257 2611 2346 2653 575

127 2684 234 2728 haec
256 2683 476 2737 leguntur:
502 2681 579 2723 καὶ
614 2680 804 2724 δίδασκέ
835 2695 918 2737 μοι
947 2680 1155 2728 ramosos
1192 2680 1356 2728 τούςδε
1381 2682 1547 2730 παῖδας
1581 2684 1626 2730 ἐς
1655 2683 1708 2726 τὸ
1737 2686 1827 2726 πᾶν
1860 2683 2047 2738 σοφούς.
2095 2686 2234 2737 Vides,
2266 2685 2349 2728 hoc

127 2757 412 2800 tantummodo
449 2756 551 2807 dici,
591 2756 741 2811 quales
782 2756 983 2799 discendo
1020 2757 1114 2800 fieri
1151 2757 1331 2799 Macaria
1373 2769 1530 2810 pueros
1574 2759 1697 2812 velit;
1735 2759 1912 2801 multum
1951 2762 2092 2802 autem
2122 2759 2263 2810 abest,
2301 2762 2351 2801 ut

126 2828 253 2875 iidem
281 2831 324 2875 et
356 2825 558 2884 ἀμαθεῖς
576 2830 620 2874 et
637 2827 774 2883 σοφοὶ
803 2824 1125 2884 μανθάνοντες
1155 2829 1434 2886 appellentur.
1500 2830 1618 2886 Quae
1634 2831 1826 2877 notiones
1842 2843 1973 2888 quum
1990 2844 2076 2876 una
2096 2832 2349 2888 cogitatione
